3154 4628
226 344 341 412 nullm
356 335 502 423 dubito,
524 337 609 437 quin
629 357 776 410 aetatem
794 334 886 408 hanc
903 335 1055 408 nostram
1072 333 1219 408 infinitis
1234 345 1334 440 ptop'e
1349 335 1501 412 modum

226 437 378 542 partibus
394 440 573 538 praeterita
586 437 794 523 feliciorem,
809 438 848 508 δι
861 437 952 508 hanc
967 434 1171 508 felicitatem
1187 441 1266 513 huic
1282 437 1504 512 Academiae

227 563 390 639 magnam
405 561 534 639 partem
548 536 690 625 deberi,
719 533 914 610 finesttesro
937 534 1135 636 inprimis,
1160 536 1307 639 ingenue
1330 539 1496 612 fateatur.

229 635 450 727 Finestrefio,
472 638 635 744 inqua-m,
660 635 854 738 inprimis:
883 663 946 710 nec
964 635 1078 710 dixisse
1101 637 1274 738 poenitet,
1302 642 1373 728 ejus
1398 639 1500 712 enim

225 737 487 840 prudentiliimis
509 736 682 825 consiliis,
713 739 751 810 δι
773 737 1041 811 suwellionibus
1071 738 1203 812 fetrum
1233 741 1313 824 eft,
1349 762 1390 811 ut
1416 733 1501 816 cdm

228 839 403 926 alumnis,
428 863 503 911 tum
519 839 625 911 etiam
644 797 1049 940 magistrifflervarienfis
1063 839 1268 912 Academiae
1283 845 1396 940 piures
1414 839 1497 912 lati·

227 965 290 1012 nae
310 938 482 1012 orationes
501 939 690 1011 recitandae
710 937 748 1010 in
765 936 889 1008 erinnis
909 937 952 1010 ad
972 939 1095 1039 gradus
1110 939 1339 1014 Academicos
1357 965 1501 1042 promo·-

227 1037 408 1126 tionibus,
431 1039 467 1110 8(
491 1041 581 1140 saepe
605 1037 690 1112 alias
710 1041 791 1112 data
811 1035 989 1111 occasione
1011 1039 1344 1139 praescriberentur,
1370 1038 1503 1154 quibus

229 1138 340 1211 coasti
361 1138 469 1212 veluti
492 1141 571 1212 funt-
588 1138 717 1240 utrique
743 1138 788 1232 ad
809 1137 980 1211 strenuam
1003 1139 1266 1214 humanioribus
1286 1141 1413 1213 litterrs
1435 1165 1500 1214 ue.-

229 1240 379 1312 vandam
402 1263 563 1340 operam,
593 1263 636 1311 ne
657 1261 716 1310 aut
737 1239 882 1311 aliorum
906 1237 1060 1342 vigiliis,
1091 1265 1131 1310 at
1158 1239 1293 1313 furtivis
1318 1238 1500 1313 coloribus

227 1339 402 1440 indigere,
425 1361 484 1410 aut
500 1335 698 1412 Professorio
713 1338 845 1410 muneri
864 1363 942 1409 curn
958 1339 1125 1440 dignitate
1140 1339 1335 1412 sustinendo
1349 1339 1500 1442 impares

227 1439 293 1512 sese
307 1439 489 1512 fateantur.
514 1438 583 1510 Cui
598 1440 645 1510 rei
661 1463 705 1510 ne
719 1439 958 1539 opportunitas
970 1435 1115 1525 deesset,
1139 1437 1224 1512 illud
1237 1439 1405 1540 sapienter
1420 1467 1499 1542 pro·

233 1537 343 1610 uisum
357 1539 425 1624 est,
443 1539 617 1610 adnitente
628 1535 739 1620 etiam
753 1531 968 1626 Fine'sttefio,
992 1562 1029 1610 ut
1043 1559 1171 1638 praeter
1183 1541 1315 1614 scholas
1334 1539 1498 1614 humani·

231 1636 314 1710 tatis
328 1661 457 1740 apertas
468 1639 598 1738 pueris,
622 1637 826 1710 Rhetorices
838 1661 1014 1742 praecepta
1031 1643 1050 1711 ὲ
1065 1639 1214 1712 Rhetore
1234 1638 1364 1712 ordinis
1385 1635 1497 1714 nostri

230 1736 384 1824 eximio,
405 1737 442 1808 ὃι
454 1737 492 1808 in
513 1735 772 1810 humanioribus
793 1737 915 1809 litteris
932 1737 1095 1813 docendis
1115 1737 1337 1813 versatissimo
1356 1767 1400 1814 ex
1421 1740 1498 1840 fug-

229 1839 323 1938 gesto
343 1838 521 1910 tradantur
538 1837 605 1924 iis,
626 1837 683 1943 qui
701 1836 873 1939 superioris
886 1838 1030 1929 cujusvis
1043 1838 1220 1912 facultatis
1236 1839 1405 1912 ciurit‘ula
1420 1843 1497 1932 iarn

232 1935 473 2024 confecerint,
508 1937 736 2010 aemma
760 1937 923 2028 judiciuin
949 1960 1060 2012 aetate
1084 1943 1153 2028 iarn
1177 1939 1276 2010 firma
1299 1940 1427 2026 uadi,
1457 1937 1497 2010 δι

233 2038 432 2110 eruditionis
455 2043 725 2140 nou'expertes,
752 2037 870 2109 utilius
895 2037 1050 2112 latinum.
1059 2040 1246 2112 oratorium
1259 2039 1384 2112 stilum.
1400 2064 1497 2112 exer·

234 2162 365 2224 ceant,
395 2139 432 2208 δι
462 2138 702 2252 graecanicum
724 2140 832 2211 etiam
855 2134 881 2210 fi
903 2137 1025 2212 velint.
1061 2144 1140 2212 Hoc
1164 2139 1256 2212 enim
1281 2139 1319 2212 iu
1346 2138 1497 2242 negotio

231 2237 439 2310 serillimum
468 2267 506 2312 ru
538 2238 652 2340 primis
680 2237 728 2308 est
752 2241 964 2312 Graecorum
989 2237 1158 2327 effatum,
1188 2240 1337 2325 Γυμιιιία.
1360 2243 1395 2307 el
1413 2245 1496 2324 πᾶν.

232 2341 351 2439 Neque
371 2363 449 2410 veto
471 2345 623 2438 pulcram
643 2338 733 2410 hanc
753 2339 881 2410 latinae
900 2341 1114 2442 eloquentiae
1134 2340 1363 2440 adipiscendae
1379 2363 1494 2411 ocem

231 2433 357 2510 sionem
377 2437 465 2509 elabi
494 2437 654 2512 menibus
675 2435 760 2538 paffi
783 2438 859 2512 funt
874 2439 962 2528 Juris
980 2439 1177 2538 prudentiae
1195 2436 1334 2512 ,studiosi
1358 2438 1493 2512 adoles·

232 2559 366 2616 tentes5
388 2535 593 2638 quinimmo
610 2563 726 2608 eorum
742 2543 870 2636 plures,
893 2563 933 2610 ut
951 2541 1087 2613 mittam
1107 2539 1193 2611 alios
1213 2537 1357 2611 aliarum
1378 2536 1492 2627 sesculss

232 2632 357 2722 tatum,
376 2637 448 2736 post
463 2639 596 2709 emensa
606 2636 688 2732 juris
702 2636 829 2737 spatia,
851 2639 1012 2712 nonnulli
1027 2637 1133 2710 etiam
1147 2639 1221 2741 post
1236 2639 1391 2738 adeptam
1406 2633 1491 2725 juris

232 2735 416 2836 supremam
439 2743 615 2822 lauream,
643 2738 855 2838 eloquentiae
871 2736 1158 2837 praelectionibus
1180 2765 1308 2840 magna
1331 2763 1412 2808 cum
1434 2733 1493 2808 fl·

232 2833 379 2912 nestresti
401 2833 673 2936 adprobatione,
707 2837 892 2936 &gaudio
914 2834 1065 2910 interesse
1087 2839 1263 2938 dedignati
1292 2865 1365 2910 non
1397 2838 1492 2922 sunt,

233 2959 379 3038 quorum
398 2942 551 3034 exempla
571 2935 630 3010 alii
651 2961 743 3011 nunc
762 2939 963 3039 sequuntur,
990 2939 1195 3012 ursecundis
1212 2938 1297 3010 curis
1317 2937 1355 3008 in
1369 2935 1494 3008 huma»

232 3034 387 3108 nioribus
407 3035 526 3109 litteris
546 3036 719 3110 exercitati
741 3037 887 3110 numeris
909 3036 1070 3110 omnibus
1082 3032 1490 3128 ,absoturlJurisconsuni

233 3135 403 3222 evadant,
425 3135 567 3238 jurisque
582 3136 937 3224 dostrinametudire,
959 3138 1182 3238 &eleganter
1196 3138 1322 3209 tradere
1337 3142 1493 3218 valeant,

232 3259 340 3336 quum
356 3237 399 3306 ad
409 3233 661 3308 Arttecessuram
671 3238 761 3326 Juris
776 3237 860 3318 olim
876 3239 1173 3338 promovebuntur.
1186 3237 1378 3338 thuidem
1392 3240 1413 3308 ὲ
1427 3233 1492 3336 pri·

232 3331 470 3435 mis,quiJuris
482 3337 674 3436 prudentiae
691 3339 883 3410 cathedram
899 3340 1008 3438 adepti
1023 3340 1112 3423 sunt,
1123 3345 1176 3411 vel
1188 3339 1247 3438 qui
1263 3333 1379 3408 eximii
1387 3331 1492 3426 Juris·

234 3435 384 3509 consulti
414 3442 562 3524 cluent,
594 3436 775 3510 Finestrefri
799 3437 947 3538 vestigiis
972 3435 1148 3522 insistere,
1177 3459 1214 3506 ut
1237 3436 1318 3506 item
1339 3433 1492 3508 aliormn

235 3531 480 3624 Profelforum,
502 3537 559 3638 qui
578 3537 747 3608 auditores
762 3540 898 3608 fuerunt
913 3534 1118 3621 Finestresri,
1138 3538 1175 3607 in
1189 3536 1365 3620 tradenda,
1378 3533 1415 3605 δι
1433 3559 1493 3604 erc·

155 3677 157 3682 s
234 3635 380 3712 colenda
394 3635 471 3726 juris
488 3636 644 3708 dodrina
657 3635 843 3736 gloriosum
856 3633 916 3709 fibi
930 3637 1070 3708 ducunt.
1092 3647 1204 3735 Atque
1225 3658 1263 3708 ut
1283 3637 1322 3708 de
1343 3633 1383 3706 iis
1405 3623 1494 3706 nihil

232 3734 354 3808 addere
369 3761 452 3835 opus
468 3737 541 3822 est,
561 3736 614 3808 ita
627 3737 713 3808 illud
729 3738 765 3808 in
782 3735 981 3808 communisw
993 3737 1089 3824 liujus
1106 3731 1257 3836 magistri
1280 3731 1497 3808 commenda·

235 3832 370 3906 tionem
381 3833 590 3928 nonsrlebo,
604 3861 683 3908 eum
698 3835 1140 3932 videlieetcommendabili
1156 3863 1249 3908 exem
1275 3843 1309 3908 lo
1323 3832 1497 3936 publicum

230 3933 448 4014 ¹Cataloniae'
469 3938 688 4018 commodum
711 3935 850 4036 privatis
875 3937 943 4008 suis
965 3936 1062 4008 rebus
1087 3861 1300 4023 antetulilse,
1324 3937 1429 4036 quum
1450 3955 1500 4002 re·

228 4031 321 4106 lieris
335 4035 735 4138 Barcinonenl'rpatrie,
762 4037 912 4125 enticis,
934 4039 1038 4132 domo
1061 4033 1322 4122 honestissima,
1346 4031 1497 4128 urbisque

741 4148 744 4177 ¹
1403 4131 1493 4208 illius
