3172 4618
571 157 830 292 311sser-
1232 174 1338 306 ἠς

52 309 117 384 vel
140 305 260 382 saltem
283 293 506 410 susped'aeum
528 305 799 410 Inscriptionunr
820 304 1009 400 rejiciunt,
1033 308 1138 396 renti
1161 321 1247 390 Ant.
1265 323 1336 389 Au.

54 409 239 496 vustinus,
260 404 530 482 &Muratotiua
555 405 614 482 Est
637 431 754 484 tamen
773 409 834 514 qui
851 409 1103 504 invenuitatem
1126 415 1193 504 eius
1216 410 1333 489 asserat

53 471 165 584 gfdc
189 507 307 584 Mares
329 517 393 582 M.
412 507 517 608 Hisp.
543 506 602 582 lid.
620 535 654 582 2.
678 529 752 607 cap.
767 473 937 586 euxenia
951 535 984 587 23
1010 513 1069 588 ubi
1095 513 1179 586 &d
1202 516 1338 606 jacobo

53 607 211 701 Cuiacio
235 633 274 684 ut
295 609 510 714 genuinam,
534 609 572 682 dt
593 613 788 712 ‘alegarneni
805 611 943 688 ‘landari
965 612 1106 696 scribit3
1134 621 1334 720 nullamque

52 708 122 786 esse
142 705 291 811 caussam
308 712 474 812 suspedae
493 710 573 787 sidei
589 710 790 802 existimat,
813 705 911 830 qudd
933 714 1034 790 indie
1057 743 1131 790 non
1152 716 1332 818 reperiatur

52 815 95 887 in
115 837 201 915 agro
212 813 391 887 Ausetano
398 837 411 894 3
436 813 559 916 quippe
579 837 649 918 qua
669 813 803 918 ratione
825 839 1008 890 innumera
1027 841 1126 920 prope
1146 820 1330 908 Romanae

54 911 279 1016 antiquitatis
293 925 541 1002 monumenta,
562 936 650 1018 quae
670 914 772 994 hodie
787 939 860 992 non
877 916 1033 1006 exstant,
1058 914 1214 992 salutatis
1232 919 1330 1022 argui

51 1011 200 1119 possent.
224 1021 341 1090 ltnnro
354 1015 444 1088 hanc
460 1014 726 1119 Inscriptionem
741 1017 849 1108 juvari
862 1013 951 1120 posse
962 1017 1075 1107 ,.ait,
1100 1043 1143 1092 ex
1161 1023 1268 1091 altera
1282 1017 1332 1093 ibi

51 1131 215 1218 reperta,
235 1115 272 1188 dt
286 1119 306 1188 i
320 1117 353 1190 se
368 1113 464 1204 visa,
485 1114 522 1190 in
538 1141 610 1220 qua
626 1115 750 1220 pariter
767 1117 807 1190 sit
822 1116 956 1214 mentio
968 1117 1136 1192 seviratus
1152 1119 1332 1209 Ausetani,
1379 1189 1381 1196 .

81 1220 145 1290 ua‘e
161 1225 278 1318 parum
293 1216 404 1290 abfuit
416 1213 501 1318 quin
513 1215 679 1290 fundandi
692 1214 806 1291 sacelli
820 1214 1011 1312 occasione,
1030 1215 1101 1322 pan'
1119 1225 1197 1294 cum
1212 1220 1328 1300 nostra

53 1245 133 1393 sato
161 1313 307 1419 perierit.
334 1323 530 1390 Tantorum
559 1315 714 1391 vitonum
742 1317 957 1392 austoritate·
972 1317 1102 1409 fretus,
1133 1327 1187 1394 vel
1211 1319 1327 1422 potiui
1418 1405 1422 1414 ⁵

52 1441 253 1527 permotue,
277 1442 350 1492 non
369 1439 486 1491 vereor
507 1415 741 1534 Inscriptionir
761 1426 929 1508 merere
947 1421 1153 1524 agnoscere,
1188 1446 1230 1494 ac
1253 1425 1330 1523 proi

54 1519 247 1608 nunciate,
271 1517 461 1622 praesertim
474 1541 579 1622 quum
594 1516 685 1592 mhil
699 1519 738 1592 in
749 1546 792 1594 ea
800 1519 986 1620 reperiam,
1007 1522 1100 1637 quod
1114 1521 1195 1596 stilo
1208 1521 1330 1596 aetatis

55 1619 306 1707 Luculliasr'ae,
325 1625 380 1692 vel
393 1617 555 1692 historiae
570 1639 744 1722 repugnet.
767 1618 889 1695 Dissio
907 1620 1049 1696 est'sane
1062 1621 1224 1710 casla,&
1245 1620 1332 1698 latin¹

54 1715 174 1823 digna.
199 1715 403 1824 quuaeso,
428 1713 580 1823 sialiqua
593 1717 695 1794 essent
712 1719 824 1794 minus
845 1719 979 1814 latina,
1006 1729 1093 1827 qu'ae
1115 1721 1330 1824 provinciam

53 1825 269 1923 redolerent,
280 1855 282 1860 ·
294 1846 339 1894 an
354 1821 431 1896 ideo
445 1819 625 1908 accusatrdi
640 1815 742 1894 essent
757 1822 939 1912 Ausetani,
952 1825 1209 1928 quodRomam
1224 1822 1331 1926 ipsam

53 1923 97 1997 in
107 1923 237 1996 Ansam
255 1949 328 1995 non
350 1921 610 2013 transtulerint?
638 1920 888 2026 Mirapquidem
910 1923 948 1998 in
969 1924 1139 2028 epitaphio
1161 1926 1329 2026 quaedam

54 2045 260 2111 narrantur,
279 2021 494 2126 nempe'post
509 2019 689 2094 duodecim
711 2023 838 2095 sorores
853 2023 1036 2097 'Maeuium
1057 2025 1189 2104 exsedl'o
1210 2023 1330 2100 macrii

52 2146 151 2199 utero
164 2122 317 2204 editumr
340 2147 459 2194 vemm
474 2119 649 2209 istaideo,
671 2117 847 2224 quia'rar'd
862 2122 995 2198 evenire
1013 2123 1147 2211 solent,
1171 2127 1339 2203 notanda

52 2225 156 2302 fruere.
181 2223 373 2328 Equidem,
398 2220 474 2296 ΗΡ.
486 2221 588 2312 Aelia
601 2221 684 2324 Auli
704 2245 814 2313 mater
832 2249 903 2314 uno
921 2247 1018 2326 partu
1034 2221 1124 2296 filias
1144 2225 1325 2299 duodecim

53 2322 241 2415 effudisset,
262 2325 451 2398 monstrum
466 2319 570 2414 esset,
593 2323 630 2394 dt
643 2322 702 2398 vix
717 2324 942 2406 credendum,
971 2349 1007 2397 at
1026 2321 1050 2395 st
1070 2321 1242 2426 stngulas,
1269 2329 1324 2396 vel

51 2429 152 2506 binae
165 2421 358 2532 peperisset,
383 2421 470 2499 nibil
486 2419 596 2498 fuisset
609 2420 861 2526 prodigiosum,
885 2424 970 2499 nihil
985 2425 1154 2520 insolens:
1182 2424 1236 2497 sed
1258 2449 1330 2496 ne·.
1399 2509 1401 2514 Ι

51 2555 117 2646 que
137 2553 297 2604 numerus
319 2527 367 2600 est
388 2525 604 2606 exorbitante
631 2552 714 2600 nam
728 2525 879 2630 quotidie
896 2526 1047 2612 videmus
1070 2523 1222 2618 mulieres
1241 2531 1316 2642 plu·

51 2657 116 2704 nea
129 2625 305 2734 peperisse,
322 2651 399 2702 tum
412 2630 600 2715 masculos,
618 2629 738 2718 tumst
764 2626 866 2700 uioris
882 2627 974 2722 sexus
987 2633 1180 2729 pennultas.
1202 2629 1319 2700 Minue

51 2729 168 2808 mirari
191 2731 379 2820 debemus,
410 2749 555 2802 matrem
579 2747 633 2799 tot
652 2655 813 2843 partubus
834 2725 972 2800 effetam
1001 2727 1043 2799 in
1076 2727 1203 2799 ultimo
1227 2753 1324 2830 puer·
1392 2759 1394 2762 ·

51 2831 147 2937 perio
167 2827 365 2919 deceffilse,
382 2851 419 2902 ut
440 2823 566 2904 necesse
586 2827 687 2901 fueret
710 2827 822 2902 filium
845 2848 943 2928 partu
965 2829 1132 2902 Caesareo
1152 2827 1189 2900 in
1213 2835 1327 2901 lucem

50 2934 194 3036 ptodire.
216 2941 315 3032 Quae
329 2933 509 3038 sequuntur
522 2929 790 3014 exttaotdinma
805 2929 948 3007 minine
960 2931 1060 3012 'surtt,
1083 2929 1210 3002 scilicet
1225 2935 1318 3004 Mae-

50 3031 148 3108 vium
169 3033 385 3136 quadrimum
405 3027 544 3104 amisisse
564 3055 692 3132 patrem
705 3060 724 3114 3.
752 3037 820 3125 jam
843 3048 1089 3135 praetextatum
1108 3051 1185 3102 tota
1202 3055 1321 3130 paren-

50 3159 128 3206 tum
147 3133 329 3208 hereditate
351 3131 562 3205 collocandis
576 3131 613 3203 in
629 3131 854 3206 matrimonio
874 3131 1044 3204 sororibus
1059 3125 1207 3216 cessisse,
1234 3129 1327 3202 mili·

48 3235 186 3337 tiaeque
209 3261 337 3309 nomen
351 3227 495 3319 dedisse,
515 3231 732 3310 fortunas'ex
753 3259 792 3303 ea
810 3229 869 3305 fibi
888 3227 1128 3330 quaesiturum.
1159 3235 1324 3330 Sequutue

48 3335 176 3410 dicitur
192 3335 228 3408 in
241 3333 356 3411 Asiam
371 3340 410 3405 L.
427 3337 610 3406 Lucullum
625 3333 835 3418 Consulem,
862 3339 953 3424 enjus
973 3331 1182 3403 Consulatus
1201 3327 1326 3400 incidit

48 3437 89 3510 in
110 3463 167 3509 an.
186 3441 229 3508 V.
249 3438 294 3509 C.
318 3445 402 3512 630.
428 3459 497 3534 quo
522 3424 601 3504 curn
616 3425 771 3533 'Collega
796 3432 847 3504 M.
869 3413 1012 3505 Aurelio
1034 3431 1145 3502 Cotta
1167 3429 1320 3502 adversus

49 3535 293 3612 Mithridatem
317 3537 463 3637 prospere
488 3531 619 3608 bellum
644 3529 768 3636 gessit.-
789 3529 1017 3635 Indeopibus
1042 3536 1189 3632 plenus,
1222 3531 1260 3602 &
1282 3551 1320 3604 ut

48 3637 108 3710 ille
125 3635 197 3726 ait,
212 3637 331 3734 spoliis
344 3642 490 3710 orientis
508 3631 654 3726 onustus,
668 3660 716 3717 ,ac
729 3631 924 3708 Tribunatu
944 3631 1094 3706 militum
1114 3629 1339 3750 perfundens,-

48 3737 95 3810 in'
109 3737 257 3839 patriam
284 3738 461 3824 reversus,
493 3737 533 3809 de
560 3763 600 3810 ea
623 3734 751 3840 optime
779 3735 920 3809 meritus
946 3731 1040 3822 filie,
1073 3757 1191 3834 quippe
1217 3756 1342 3834 quam*

48 3837 185 3938 pdtticu
203 3841 223 3910 d
242 3840 273 3911 se
290 3841 444 3912 extmda
458 3835 660 3925 exornavit,
680 3835 718 3909 &
732 3831 916 3937 oppressam
931 3833 1005 3908 aere
1020 3832 1136 3910 alieno
1151 3831 1319 3907 liberavit.

48 3941 230 4013 Mortuum
257 3941 395 4014 tandem
419 3945 512 4012 A'nla
532 3937 672 4012 Maeuia
694 3935 1068 4039 ultima'sorot,·quae
1091 3961 1161 4008 una
1183 3961 1224 4006 ex
1247 3956 1322 4014 tarn

48 4041 231 4150 upmerosa
251 4039 371 4114 Aeliae
392 4038 508 4114 sobole
530 4039 721 4142 supererat,
746 4037 972 4144 sepeliendum
994 4034 1152 4123 curarit,
1181 4036 1213 4108 se
1262 4053 1321 4104 ene

78 4170 92 4184 J.
1235 4145 1324 4208 uma

546 4447 620 4568 >s
