3154 4628
54 353 135 430 ciues
159 353 360 458 ligniuml
401 355 528 430 Audiat
550 357 722 446 jurentur
748 353 863 428 nostra
889 350 1122 428 Cldudianum
1147 345 1205 426 sub
1231 346 1303 454 pl&

55 458 131 529 lona
145 459 294 530 Houorii
308 461 345 531 de
356 466 457 530 1111.
472 457 608 555 ejusdem
622 458 715 551 Cous.
731 457 958 529 monitorem:

198 565 330 629 Interea
341 559 455 648 Mufis
478 563 604 629 erimus
623 563 698 629 dem
718 557 849 628 mollior
869 554 980 640 instet,

202 665 247 730 Et
266 679 348 756 'quae
366 681 443 728 mox
464 661 591 740 imitere
608 656 720 752 legar,
745 679 803 729 nec
822 655 942 745 deferat
963 676 1114 754 empnam

110 770 137 812 -’
170 763 451 830 Terror-Graia
471 758 564 858 ‚loqui
572 799 585 844 ,
617 765 885 829 terumRomaena
907 754 1056 839 vetustas.
1276 843 1281 854 ,

57 894 63 900 -
122 857 237 929 stoue
252 859 298 929 ad
314 855 465 931 nostram
479 861 643 958 Syllogen
656 880 864 930 revertamur
878 900 892 944 ,
914 859 951 928 in
965 851 1172 956 exponendis
1187 851 1311 932 Inscri-

48 956 220 1056 ptionibus
235 984 308 1032 non
327 981 399 1030 tam
420 955 564 1033 aliorum
585 957 794 1044 sententias,
825 981 927 1060 qnam
950 957 1119 1070 proprium
1146 957 1311 1046 iudicium

48 1059 201 1158 sequutus
216 1057 313 1146 sum,
329 1059 415 1132 ‘dum
430 1055 576 1160 expensis
591 1059 735 1131 illorum
746 1058 1107 1158 interpretationibus,
1129 1057 1314 1132 cidvoc'ata'-

47 1183 105 1258 que
121 1159 156 1230 in
173 1156 356 1232 confilium
370 1158 524 1247 ratione,
546 1157 655 1232 verior
669 1181 728 1230 aut
744 1155 956 1230 verisimilior
972 1155 1057 1230 mihi
1075 1184 1151 1230 mea
1166 1159 1236 1232 visa
1250 1160 1308 1232 est:

48 1282 111 1356 qua
136 1257 293 1331 libertate
319 1285 375 1333 eos
403 1259 453 1331 uti
475 1267 584 1346 volo,
609 1257 665 1358 qui
691 1259 773 1330 haec
789 1257 905 1330 nostra
918 1263 1068 1358 legentes
1087 1257 1242 1331 censendi
1266 1265 1314 1349 ius

15 1361 19 1369 '
48 1351 181 1430 hebent.
214 1352 347 1446 Aliis,
383 1363 538 1460 exemplo
569 1355 767 1430 sanuimmi
802 1355 1054 1460 doetiffimique
1089 1358 1312 1459 Hieronymi,
1367 1395 1373 1408 ·

48 1454 180 1548 rorfrro
194 1459 475 1556 reprehensorem,
491 1463 547 1560 qui
558 1463 711 1531 damnare
724 1455 839 1555 poffit,
852 1461 963 1532 docem
976 1483 1038 1530 nou
1050 1455 1155 1555 poffit.
1179 1471 1227 1534 At
1243 1485 1314 1534 cer-

48 1557 150 1645 tiora,
172 1567 233 1633 vel
257 1560 377 1632 saltem
405 1559 636 1660 probabiliora
659 1587 712 1631 me
733 1561 914 1632 docentem
941 1589 1014 1633 non
1038 1561 1141 1632 modo
1168 1561 1317 1635 libenter

48 1656 171 1747 feram,
193 1661 254 1734 ¹sed
274 1681 373 1762 grato
396 1659 498 1731 etiam
516 1659 634 1734 auimo
649 1663 856 1759 amplectae·
876 1661 960 1732 Non
984 1658 1077 1732 enim
1099 1687 1140 1733 ex
1164 1661 1204 1734 iis
1226 1663 1313 1750 sum,
1358 1688 1361 1694 ’

46 1781 120 1858 quor
142 1759 270 1832 refellit
284 1759 409 1833 Cicero
429 1767 465 1830 T
466 1761 566 1856 useel.
582 1759 713 1854 Quaeli.
736 1759 796 1837 lib.
811 1789 845 1832 2.
870 1785 931 1830 non
954 1761 1071 1856 procul
1095 1765 1233 1857 iprinc.
1257 1764 1314 1861 qui

51 1863 139 1933 terris
158 1857 355 1959 qet‘busdan
379 1857 608 1958 destinatisque
625 1863 796 1956 sententiis
820 1860 909 1960 quast
930 1864 1058 1932 mutui.
1073 1863 1121 1934 cr
1142 1863 1318 1957 consecrati

44 1957 135 2051 [unte
147 1965 260 2060 adque
274 1959 452 2054 rteceffleare
467 1962 652 2048 roumilli,
676 1983 713 2032 ut
730 1982 834 2033 ettam
847 1985 931 2059 qtae
947 1981 1010 2031 non
1025 1957 1165 2056 probare
1173 1963 1314 2058 soletur,¹

50 2058 463 2158 errogantterconstattiae
477 2063 587 2158 cauffo
601 2059 777 2155 defendere.
805 2065 913 2160 Igitur
933 2059 1091 2148 cuculla,
1116 2086 1152 2134 ut
1171 2064 1317 2156 aiebam,

47 2158 219 2250 servitute,
248 2161 400 2262 ingenuo
416 2163 583 2262 Scriptore
604 2161 774 2260 indigna,
800 2159 963 2261 sequendi·
976 2163 1061 2234 alios
1073 2161 1313 2266 ‚quicumque

47 2263 176 2336 tandem
192 2261 252 2336 illi
271 2263 358 2350 smt',
380 2263 544 2364 quaedam
561 2260 605 2334 ab
620 2258 696 2363 ipsts
719 2263 845 2348 reiesta
863 2279 1109 2348 moenimenta,
1135 2283 1313 2366 tamquam

15 2387 16 2392 ¹
47 2359 168 2459 spuria,
190 2361 315 2436 amavi
331 2363 366 2434 in
383 2361 638 2473 ingenuitatem
654 2357 814 2448 asserere,
837 2385 874 2433 ut
895 2365 915 2434 ὲ
937 2359 1111 2434 contrario
1130 2371 1315 2449 nonnulla,

47 2473 124 2560 quae
138 2464 299 2537 &nostris
310 2463 469 2564 legitima
484 2463 676 2549 habentur,
700 2489 771 2535 non
786 2461 938 2535 dibitevi
956 2462 1120 2563 lulpeili,
1140 2469 1191 2534 vel
1208 2464 1313 2534 etiam

46 2561 124 2634 falla
141 2565 382 2662 pronunciare.
410 2569 492 2658 Qua
512 2563 550 2636 iu
569 2589 603 2636 re
626 2563 710 2634 milti
734 2563 883 2636 matime
899 2570 1008 2664 placet
1025 2590 1097 2635 non
1111 2563 1231 2635 omnia
1251 2557 1313 2633 elle

50 2660 216 2736 advirum
231 2665 440 2750 resecanda,
466 2662 519 2736 sed
540 2665 619 2735 dum
641 2664 793 2735 veritatis
813 2666 952 2764 speciem
976 2663 1128 2765 aliquam
1149 2664 1312 2753 habeant,

15 2813 17 2820 .
51 2781 221 2865 utcumque
252 2764 389 2837 ferenda
413 2760 500 2835 elle:
532 2765 647 2836 immo
671 2761 758 2837 illud
781 2763 873 2835 Livii
906 2759 965 2834 lid.
982 2789 1012 2856 5.
1044 2757 1116 2858 cap.
1131 2791 1149 2834 2
1164 2791 1193 2836 r.
1217 2767 1315 2841 valde

52 2859 168 2959 probo:
187 2873 233 2936 Ire
254 2864 349 2949 rebus
371 2883 440 2936 ram
460 2867 632 2963 antiquis,
651 2861 703 2952 fi,
728 2861 939 2964 quaefimilt'a
952 2863 1142 2958 rerisuut‚‘
1154 2883 1215 2962 pro
1228 2867 1316 2936 reris

52 2963 271 3058 accipiantur,
290 2962 538 3060 satirlrabeam.
564 2964 671 3059 Quod
692 2962 714 3036 fr
734 2962 936 3052 toniediuris
956 2990 1038 3063 opus
1059 2963 1149 3051 fuit,
1175 2989 1311 3063 operam

53 3061 142 3147 dedi,
156 3087 194 3136 ut
207 3075 292 3166 qius
305 3065 488 3166 ingenium
505 3063 700 3152 excitabat,
718 3073 889 3138 cotirreret
902 3063 1077 3151 judicium,
1092 3063 1326 3166 probaretquw

53 3161 147 3234 racio.
177 3167 280 3260 Certe
303 3167 340 3238 in
364 3171 429 3240 lroc
451 3191 570 3267 genere
597 3167 811 3264 scriptiorri9‚
844 3165 879 3235 in
899 3191 967 3265 qua
990 3163 1107 3264 passim
1131 3185 1319 3236 occurrunt·

57 3261 157 3349 nodi,
185 3269 241 3366 qui
267 3263 335 3338 sure
360 3266 479 3368 aliqua
497 3268 735 3339 emendatione
757 3261 889 3336 dillolvi
912 3285 1107 3364 nequeunt,
1135 3261 1326 3337 netellaritr-

52 3361 291 3437 decurrendum
319 3365 366 3438 est
392 3368 432 3438 ad
459 3367 665 3453 conjedluras
692 3393 764 3436 non
787 3363 1058 3462 improbabiles,
1090 3391 1230 3462 quarum
1254 3389 1315 3464 ope

53 3465 125 3568 loca
155 3487 260 3560 paene
293 3465 466 3566 deplorata
493 3464 629 3538 sanitati
656 3465 907 3551 redimuntur,
941 3463 978 3535 Sc
1001 3461 1141 3536 disculla
1166 3463 1315 3567 caligine

53 3585 87 3630 m
113 3567 201 3634 clera
226 3571 300 3638 luce
327 3563 554 3640 collocantur.
803 3578 807 3582 ’
1087 3613 1094 3624 ε

62 3695 64 3700 v
111 3659 203 3755 Quid
215 3667 354 3739 tandem
370 3667 407 3738 in
421 3667 485 3738 bac
501 3664 737 3739 lucubratione
752 3663 984 3766 praestiterim,
998 3665 1087 3765 quod
1102 3667 1179 3737 lane
1193 3689 1310 3766 parum

54 3754 108 3827 elle
123 3763 298 3859 profiteor,
318 3768 477 3867 opusculo
492 3793 609 3868 nempe
625 3767 759 3867 augusti
774 3765 932 3864 temporis
948 3766 1169 3840 meditatione
1183 3763 1307 3839 affecto

54 3858 282 3962 potiusquam
308 3867 490 3955 confesto,
518 3895 590 3939 non
615 3869 661 3940 est
686 3889 744 3938 cur
767 3865 918 3966 pluribus
947 3867 1014 3938 hoc
1047 3872 1126 3938 loco
1155 3865 1308 3948 rel'erann

53 3979 130 4068 pam
144 3963 331 4062 legentibus
345 3994 393 4039 res
408 3967 500 4068 ipsa,
522 3972 575 4039 vel
591 3994 642 4040 me
655 3988 813 4052 tacente,
836 3973 1001 4066 loquetur.
1031 3972 1151 4066 Itaque
1167 3966 1310 4040 dimitto¹

54 4078 116 4140 lam
136 4065 287 4177 Lepores
312 4095 405 4140 meos
424 4115 439 4154 ,
463 4070 605 4144 saltuem
626 4067 804 4170 plurimam
829 4066 949 4147 eisdem
973 4092 1014 4141 ex
1036 4067 1155 4140 animo
1177 4090 1312 4168 optans,

56 4173 226 4266 Μῶφι
250 4165 460 4242 felicitatem.
633 4175 635 4179 ’
1243 4165 1312 4244 Vix
