3158 4620
268 189 377 278 1230r
435 153 681 274 flaminum,
693 143 1393 274 Flaminicarum,,incendendae

261 296 298 367 δε
321 319 400 368 cum
422 317 461 365 ea
485 293 654 380 llatuam,
669 293 803 394 ¹utique
825 289 848 364 sr
874 291 940 366 hoc
963 289 1161 392 significant
1184 291 1369 394 postremae
1392 286 1505 362 litterae

263 400 340 470 ST.
367 401 409 466 In
427 396 540 466 mariti
559 395 690 494 patria,
715 395 752 466 dc
766 414 867 494 gente
882 391 971 468 nihil
986 392 1033 464 est
1047 393 1252 467 obscurum:
1283 391 1414 466 constat
1433 387 1508 458 enim

263 525 304 570 ex
326 495 439 569 Plinio
460 505 513 567 H.
528 503 586 567 N.
605 493 664 566 lib.
684 522 716 588 3.
740 513 814 591 cap.
834 520 865 584 3.
898 493 1087 581 Strabone,
1113 501 1339 578 Ptolemaeo,
1360 488 1508 590 Appiano,

263 608 346 671 Aut.
364 600 524 683 Viciore,
555 596 777 670 Intercatiam
799 595 984 694 Hispaniae
1004 597 1182 668 Citerioris
1204 595 1368 696 oppidum
1389 591 1508 664 iuVac-

264 699 350 770 caeis
369 695 463 770 fnisse
487 725 592 770 unam
613 723 654 769 ex
675 699 792 770 decem
816 697 854 768 δε
879 699 959 770 orto
980 695 1193 772 Civitatibus
1217 686 1422 769 Conventus
1441 689 1509 760 Clu-

261 796 394 872 niensrs.
418 809 466 870 At
480 801 573 899 qnod
586 799 731 870 traditur
745 799 784 870 de
799 801 869 886 ejus
884 823 990 870 uxore
1006 797 1162 886 Paetinia
1175 791 1359 875 Clunienfi
1379 819 1417 866 ex
1429 807 1509 890 gente

262 899 520 972 Cantabrorum
543 927 616 974 non
638 899 740 970 facile
761 896 809 970 est
830 899 873 970 ad
895 898 1178 1000 intelligendum:
1208 896 1377 1000 siquidem
1391 887 1509 1000 Clunia,

261 1023 300 1072 nt
311 1002 441 1072 dictum
455 1000 523 1088 est,
546 1029 618 1075 non
631 999 681 1073 est
694 1000 732 1072 in
744 997 951 1087 Cantabria,
973 1000 1027 1073 sed
1040 1000 1078 1074 in
1086 1001 1253 1072 Vaccaeis
1270 1005 1324 1074 loc
1335 1021 1392 1070 um
1407 1007 1510 1070 tenuit,

259 1100 367 1203 posita
381 1101 469 1173 inter
483 1103 660 1190 Pinciarn,
683 1101 720 1172 &
736 1101 920 1172 Uxamam.
952 1101 1124 1174 Solvendo
1139 1100 1218 1173 hnic
1235 1097 1346 1172 modo
1367 1095 1429 1168 tria
1443 1085 1511 1161 nrilri

260 1225 464 1289 occurmnt,
483 1205 652 1302 primum,
675 1201 800 1274 Civem
813 1200 952 1303 quidem
967 1197 1062 1275 fuisse
1074 1200 1329 1286 Cluniensem,
1351 1195 1402 1268 sed
1414 1191 1511 1266 oriun-

260 1305 340 1375 clam
360 1305 380 1374 ὲ
400 1303 582 1392 majoribus
603 1302 668 1376 suis
684 1301 890 1384 Carrtabris3
921 1326 956 1374 at
1005 1331 1021 1372 e
1044 1304 1095 1376 ita
1115 1302 1184 1376 dici
1208 1330 1252 1377 ex
1271 1321 1375 1402 gente
1398 1294 1510 1366 Canta-

259 1403 423 1485 brorumr·
451 1411 595 1477 alterurn
614 1403 708 1506 quod
727 1401 942 1476 Cantabriae
1012 1431 1046 1478 es
1068 1400 1219 1478 fortaffis
1243 1396 1430 1503 aliquando
1449 1415 1510 1492 pto-

258 1505 425 1576 durtiores
448 1505 555 1577 habiri
578 1505 723 1582 literint3
751 1530 833 1574 nam
848 1502 884 1574 ἃ
901 1506 1054 1592 Plinius,
1077 1504 1114 1577 &
1128 1511 1370 1586 Ptolemaeus,
1395 1495 1510 1601 &Plu-

258 1605 396 1676 tarchns
416 1605 572 1678 Cancam
594 1607 631 1677 in
641 1603 805 1676 Vaccaeis
819 1611 978 1704 ponunt,
1003 1605 1039 1676 dt
1055 1625 1172 1676 tamen
1188 1602 1348 1678 zosimus
1361 1599 1512 1670 Gallam

258 1705 433 1792 accenset,
458 1704 517 1777 lib.
529 1738 564 1798 4.
584 1725 657 1802 cap.
674 1733 731 1798 24.
751 1725 854 1802 prope
863 1704 925 1795 fin.
947 1705 1128 1793 Tertium,
1153 1731 1264 1806 quum
1279 1706 1411 1796 dicatur
1423 1701 1511 1806 Arna

255 1807 350 1897 cenfis
362 1805 559 1896 cluniense,
574 1808 647 1907 quis
661 1803 722 1877 scit
738 1831 784 1876 an
794 1803 993 1890 Amocensn
1006 1806 1174 1906 pertineat
1189 1806 1375 1881 adnomen
1391 1815 1511 1900 patrm,
1545 1857 1546 1900 ᾗ

256 1929 294 1979 ut
320 1907 460 2004 aliquod
484 1905 585 1981 fnerit
611 1906 770 2010 oppidum
794 1913 956 1994 Arnoca,
985 1911 1042 1978 vel
1063 1914 1241 1980 Amorum
1270 1910 1307 1980 in
1330 1891 1511 1977 Cantabria»

255 2008 347 2110 qnod
361 2006 537 2097 Clunienfis
553 2007 761 2109 cognomine
776 2005 941 2078 diceretur
952 2056 965 2095 ,
990 2003 1093 2080 nobis
1113 2035 1187 2080 non
1209 2006 1414 2110 cognitum,
1433 2015 1510 2096 prae·

256 2107 370 2182 sertim
385 2135 491 2208 quum
507 2107 762 2182 Cantabrorum
782 2106 899 2210 populi
920 2105 1108 2182 conventui
1122 2106 1308 2184 Cluniensr
1331 2099 1426 2176 ellent
1444 2117 1510 2167 con·

255 2207 403 2282 tributii
431 2217 487 2282 Ita
507 2209 613 2282 snnile
638 2208 767 2312 aliquid
790 2208 988 2281 notavimus
1011 2209 1052 2281 de
1073 2208 1330 2283 Pelendonibus
1352 2211 1508 2278 Arevacoss

256 2312 361 2410 supra
384 2312 439 2392 Cl.
453 2319 486 2382 I.
509 2307 596 2384 nam.
619 2337 650 2406 5.
678 2317 801 2382 Fateor
825 2315 877 2380 lev
886 2307 1014 2382 iflimas
1037 2307 1098 2381 has
1121 2305 1184 2382 else
1209 2307 1442 2402 conjeauras,
1467 2287 1507 2364 sel

253 2439 359 2514 quum
374 2412 455 2486 certi
471 2412 558 2484 nihil
575 2413 752 2511 suppetat,
782 2407 825 2480 ad
845 2407 922 2480 illas
942 2409 1180 2484 recturendum
1198 2409 1272 2498 est,
1294 2403 1358 2484 nist
1374 2397 1505 2477 malimus
1544 2435 1545 2492 l

254 2513 382 2614 prorsus
400 2537 526 2594 tacere,
546 2510 704 2582 Paetinia
724 2507 851 2581 dicitur
872 2504 970 2581 fuill'e
988 2508 1185 2583 Flaminica·
1197 2516 1235 2582 P.
1246 2510 1298 2582 Η.
1309 2507 1414 2582 Citer.
1432 2489 1505 2568 ut&
1544 2519 1545 2570 l

256 2611 407 2686 Aemilia
422 2619 566 2684 Paterna
578 2609 657 2704 infr.
672 2631 757 2683 num.
769 2601 830 2700 76.
852 2609 947 2711 quod
961 2633 1171 2710 argumento
1187 2605 1248 2682 elle
1266 2606 1374 2713 potest
1387 2597 1504 2712 feminal
1544 2581 1545 2649 l

254 2741 330 2787 non
350 2711 453 2786 modo
476 2713 598 2802 nnius,
623 2735 682 2788 aut
704 2712 840 2787 alterius
860 2713 978 2815 populi
1002 2709 1071 2786 dici
1092 2711 1331 2800 flammine,
1355 2705 1406 2780 sed
1422 2717 1505 2772 etlam

256 2813 360 2887 totius
384 2815 590 2914 provinciae.
1543 2819 1544 2860 l

254 3145 580 3220 TARRACONE.
613 3156 668 3222 Ex
699 3147 902 3240 clufimr
921 3153 1225 3252 acharistum,
1252 3083 1421 3232 omerus
1442 3153 1504 3238 pag.

302 3251 530 3321 CCCXXIV.
555 3271 642 3324 num.
665 3278 719 3324 rr.

787 3380 962 3500 l⁶9·l
1045 3369 1049 3380 ’
1186 3373 1190 3381 ’

556 3643 558 3650 ¹
668 3555 1149 3656 sennuonrae,

563 3704 1212 3784 rvmn.nrrnc1ona
1297 3664 1403 3772 ⁴²,

599 3861 1205 3972 nomenaronrnsr
1319 3853 1323 3864 '

539 4053 550 4062 ..
580 4007 1019 4096 aranturcna
1056 4016 1196 4108 cort,
1246 4068 1265 4094 ..
1346 4066 1489 4182 mv
