3154 4628
272 235 345 348 ’μ’
467 209 748 348 Imperatorum
760 246 777 333 ς
795 199 1089 344 difflari,
1114 197 1345 342 ste'snttrtt

280 353 476 444 Antonini,
497 355 556 454 qui
571 352 725 455 qua'mvis
740 350 777 424 in
791 351 895 424 Fastis
909 349 1058 450 vulgatis
1074 373 1147 427 non
1160 335 1519 434 metuuntutscnnsbt

279 483 396 534 tamen
415 483 456 528 ex
470 456 638 556 aliquibus
655 450 806 553 antiquis
826 450 1058 526 monumentis
1075 471 1155 522 eunt
1172 441 1267 520 fuisse
1282 443 1463 518 Consulem
1476 444 1523 511 11..

281 586 359 634 cum
379 558 424 632 C.
439 557 572 630 Bruttio
594 554 795 639 Praesente,
822 579 916 626 anno
934 549 1062 624 scilicet
1085 546 1215 624 Chn'sti
1241 571 1253 619 t
1265 571 1323 640 53.
1360 547 1437 616 Hoc
1459 565 1518 612 nte-

280 659 408 736 moriae
421 657 530 758 prodit
546 652 752 728 Censorinus
770 656 808 725 de
820 654 871 726 die
883 650 1083 748 natabuttp.
1099 675 1159 724 at.
1180 647 1263 724 duum
1285 646 1335 720 ait
1351 677 1361 715 t
1383 639 1439 716 Ast
1457 641 1519 714 lire

281 785 379 852 nonos
394 777 517 830 centnm
532 765 555 827 I
555 775 735 852 inperatore
744 757 911 826 Antonino
924 754 983 826 Pin
997 760 1054 826 11..
1068 754 1112 826 θ’
1125 751 1255 836 ursulo
1268 744 1436 839 Praesente
1447 737 1518 830 cess.

281 867 371 939 Item
386 880 479 930 vetus
496 856 674 955 Inscriptio
689 850 896 951 Smytuensts
909 878 1049 953 graece,
1065 851 1103 924 dt
1117 849 1223 924 latine
1240 875 1282 924 ox
1295 847 1436 922 Thone
1448 839 1518 914 Smi-

281 959 343 1034 tho
361 959 521 1058 produsta
535 961 554 1028 i
567 954 727 1032 Relatudo
740 954 777 1027 in
791 953 894 1026 Fastis
908 951 951 1026 ad
965 977 1043 1026 eunt
1056 975 1187 1026 annum
1202 946 1384 1039 suchabett
1396 943 1519 1020 ,cnm

281 1061 552 1138 ANTONINO
590 1061 639 1129 ΙΙ.
682 1059 746 1132 ΕΤ
783 1055 1050 1128 PRAESENTI
1087 1059 1136 1126 11.
1179 1050 1312 1124 Coss,
1358 1046 1396 1120 δε
1431 1067 1519 1116 mot:

285 1171 556 1230 A‘I'I'OKPATOPI.
570 1167 790 1226 Knlznl’m.
804 1169 932 1222 Alsllss·
948 1160 1136 1222 ΑΔΡΙΑΝΩ.
1150 1161 1392 1218 ΑΝΤΟΝΕΙΝΩ.
1405 1159 1453 1214 ΤΟ
1463 1157 1519 1212 ss·

282 1267 829 1330 ῐΑΙΩ.ΒΡοΠ1Ω.ῐΠἈΙΣΕΝΤι.
853 1253 990 1329 Dicitur
1002 1247 1363 1356 qtudentDestgnatut
1386 1251 1450 1336 lli.
1477 1238 1520 1314 sed

281 1358 434 1460 sequenti
459 1383 552 1429 anno
576 1356 762 1427 Consulem
783 1349 878 1424 fuisse
902 1381 973 1427 non
997 1376 1093 1456 puto.
1124 1350 1388 1450 Inscriptionem⁸
1409 1340 1517 1448 dicavit

280 1457 511 1558 Municipium
524 1459 560 1528 F.
574 1459 706 1556 Egara,
734 1451 770 1523 &
792 1448 854 1525 nist
869 1454 904 1525 F.
923 1480 1032 1526 errore
1052 1442 1316 1525 describentium
1335 1435 1521 1548 postumio

279 1563 358 1631 loco
381 1565 418 1629 P.
446 1558 512 1632 hoc
536 1556 585 1630 est
605 1552 820 1630 MVNICIF.
842 1567 911 1655 'pro
932 1553 1151 1632 MVNICIP.
1175 1552 1264 1630 endi
1290 1551 1391 1628 debet
1413 1567 1465 1650 ptr
1485 1543 1519 1616 Fi

166 1689 170 1697 ¹
281 1653 463 1760 significari
476 1657 594 1743 Felix,
613 1655 704 1756 quod
719 1654 896 1756 epitheton
908 1654 1027 1732 multis
1041 1652 1178 1736 urbibus
1190 1653 1326 1740 utun,
1336 1645 1520 1756 velfsm'sp

279 1778 316 1829 ut
341 1758 444 1829 credit
466 1755 608 1836 Marcit
644 1755 775 1854 dequo
797 1753 965 1855 postremo
991 1753 1137 1839 dubito,
1167 1754 1248 1853 quia
1269 1755 1393 1826 Flauia
1420 1767 1518 1822 notun
1554 1815 1555 1838 p

279 1883 353 1930 non
376 1861 458 1929 solet
478 1879 534 1956 per
549 1856 654 1927 solam
670 1859 705 1925 F.
722 1855 775 1926 sed
788 1851 920 1954 per'FL.
936 1843 1042 1946 Qitod
1055 1851 1078 1925 st
1091 1853 1212 1926 Flauia
1226 1853 1320 1926 dieta
1334 1853 1398 1926 fuit
1413 1853 1518 1948 Egere,

278 1953 481 2030 credendum
495 1955 542 2028 est
558 1955 622 2027 boc
638 1953 812 2056 epitheton
832 1951 991 2060 accepisse
1017 1953 1177 2045 aFlauio
1190 1951 1394 2052 Vespasiano
1418 1942 1517 2024 Muni·

281 2057 360 2157 cipii
375 2056 503 2128 honore
519 2057 612 2128 illam
628 2055 820 2127 decorante.
845 2061 965 2156 Itaque
977 2054 1066 2127 RD.
1076 2055 1123 2126 D.
1134 2052 1277 2127 Mnoici
1291 2107 1301 2126 .
1317 2104 1350 2126 ..
1372 2061 1410 2126 F.
1422 2057 1516 2144 Egere
1554 2103 1555 2136 2

277 2155 485 2328 interppetari
507 2155 629 2229 debent
642 2153 660 2229 ε’
673 2156 787 2251 Posuit
799 2155 940 2230 Decreto'
949 2158 1169 2230 Decurionunt
1177 2151 1411 2254 Municipium
1423 2145 1515 2230 telin

283 2263 340 2329 uel
353 2267 382 2330 F
397 2258 514 2329 aviae
535 2281 607 2330 ara.
1129 2303 1133 2313 ·
1553 2301 1554 2306 =

355 2360 450 2431 Adeo
465 2283 578 2428 audem
594 2353 731 2426 evidens
749 2353 797 2424 est
808 2355 953 2456 Egeram
968 2349 1009 2429 eo
1024 2353 1105 2427 loco
1118 2351 1215 2428 stt'ar'n
1226 2351 1349 2444 fuisse,
1362 2349 1420 2456 qui
1433 2341 1515 2424 hodie
1553 2415 1554 2446 p

278 2457 434 2548 Terraffe
449 2456 583 2542 dicitur,
597 2473 742 2555 quatuor
756 2457 868 2525 leucas
882 2450 1008 2526 distans
1023 2443 1268 2543 ebarcinone,
1290 2477 1329 2528 ut
1344 2459 1414 2550 jam
1431 2469 1514 2524 nemo

277 2555 434 2641 dubitet,
471 2577 544 2625 tum
569 2575 703 2655 propter
724 2553 986 2655 vatioszlapides
1015 2554 1184 2629 litteratos
1211 2554 1259 2628 ibi
1286 2578 1428 2659 repertos
1451 2567 1514 2619 tutu
1553 2517 1554 2599 i

277 2653 451 2728 mentione
462 2657 651 2752 Mnntcipii
662 2652 853 2750 Egarertfis,
877 2677 953 2726 tum
967 2675 1100 2757 propter
1113 2677 1208 2728 vetus
1223 2663 1415 2757 templum,
1437 2637 1513 2750 quod

176 2821 179 2828 .
277 2755 381 2828 etiam
396 2779 486 2827 nunc
501 2777 629 2828 vocant
642 2765 680 2828 S.
691 2759 783 2828 Petri
796 2759 835 2828 de
845 2763 960 2853 Egens
987 2777 1025 2828 ut
1044 2753 1169 2828 mirum
1188 2746 1227 2828 fit
1244 2759 1326 2830 Nic.
1337 2751 1513 2832 Antonium
1552 2777 1553 2782 ¹

278 2855 390 2928 virum
411 2853 701 2956 diligentisi'nnum
723 2855 827 2946 videri
853 2861 979 2956 Bergae
1001 2851 1149 2928 tribuisse
1172 2855 1351 2958 antiquam
1376 2861 1513 2954 ligatam,

281 2956 364 3028 dum
379 2955 417 3026 in
431 2957 557 3026 Pseudo
567 2955 697 3045 Juliani
713 2954 844 3027 Chron.
858 2964 1030 3028 num.128.
1044 2979 1103 3055 pro
1117 2961 1226 3050 Egade
1239 2957 1383 3058 reposuit
1394 2963 1514 3049 egeno
1551 2949 1552 3028 i

279 3081 353 3128 non
372 3073 493 3127 notato
515 3079 621 3127 errore
631 3092 651 3141 ,·
669 3051 843 3126 scribentis
861 3049 958 3128 islani
972 3051 1149 3130 hodie'esse
1161 3047 1323 3154 Bergan,
1345 3044 1514 3149 censuros!

279 3151 430 3245 stiffifab.
454 3149 512 3225 iisr.
526 3165 559 3225 6.
581 3174 700 3248 cupere„
719 3177 804 3240 nunt.
825 3179 879 3248 13.
906 3155 983 3246 Fuit
1004 3158 1091 3246 olim
1114 3154 1300 3231 nobilitata
1320 3157 1514 3258 Episcopatu
1551 3207 1552 3211 η

278 3257 370 3344 cujus
386 3253 538 3355 Episcopi
553 3255 655 3329 variis
669 3253 838 3338 Conciliis
849 3256 1026 3330 Toletanis
1041 3255 1308 3358 subscripserunt:
1322 3258 1375 3332 sed
1387 3255 1421 3325 δι
1434 3250 1512 3320 Con·

284 3353 367 3427 cilio
394 3352 519 3428 ibidem
547 3355 715 3430 celebrato
734 3379 828 3430 anno
843 3367 927 3451 614.
952 3354 1110 3459 Egarenst
1130 3357 1207 3431 inde
1231 3358 1349 3446 dieto,
1375 3343 1514 3452 illustrior

275 3449 390 3526 evasit.
409 3455 615 3556 Egaraefuit
626 3457 816 3557 Episcopus,
831 3481 868 3536 ut
884 3458 1271 3558 creditur‚1renetts,qui
1286 3453 1511 3530 lNundinarto

280 3551 521 3628 Barcinonenst
534 3555 653 3656 Episco
711 3557 912 3628 testamento
928 3553 1088 3628 successor
1102 3552 1315 3656 destgnatus‚
1341 3557 1377 3628 δι
1397 3548 1511 3622 tcten

275 3649 516 3728 Barcinonenst
537 3583 697 3730 admissis
707 3705 720 3744 ,
749 3653 871 3728 ab'hac
891 3655 1089 3744 removeti'3'
1104 3655 1140 3726 dt
1161 3655 1207 3730 'ud
1225 3659 1318 3730 suatn
1330 3644 1511 3756 Egarenstm

273 3751 385 3824 sedem
409 3754 532 3828 reverti
556 3754 655 3846 jussus
680 3758 747 3830 suit
774 3754 818 3830 ab
839 3757 976 3842 Hilario
997 3765 1109 3862 Papa,
1140 3750 1210 3862 qud
1237 3757 1421 3832 referendus
1443 3752 1511 3816 Cas·

277 3857 410 3927 nemon
427 3883 485 3952 30.
509 3855 595 3953 cans.
617 3887 651 3950 7.
681 3854 783 3959 qnaest.
809 3885 838 3929 1.
