3158 4620
293 255 298 266 ·
437 267 441 274 -
558 199 807 357 crasson

518 387 574 494 n.
612 419 846 498 procons
904 407 908 414 '

274 567 555 642 POSTVMIVS.
583 571 848 644 -LWERCVS,
880 576 925 648 V.
961 577 1079 652 PERF

335 719 497 792 annas
534 717 683 793 mov:
719 723 837 796 nrsr.
874 696 1031 797 emin

394 881 400 890 ·
454 865 695 942 navows.
728 865 914 941 Nvtrmr
1030 879 1034 886 ·

404 1053 409 1064 -
499 1004 872 1104 nmasrnrrova

567 1155 752 1232 nouum
766 1137 804 1216 fir

232 1331 1140 1377 Μ..-

43 1475 240 1654 CLVir
250 1477 424 1552 Antonius
437 1477 647 1554 Miratorius
662 1505 703 1555 ex
718 1486 768 1556 M.
781 1483 997 1562 §.Vaticano
1012 1493 1318 1593 legitMaxinrr‘no,

153 1600 192 1650 ut
205 1577 243 1649 ἃ
257 1579 414 1667 l’ujadese
438 1579 493 1654 sed
506 1607 583 1654 meo
597 1581 724 1670 iudicio
735 1588 829 1657 cedia
840 1585 890 1658 est
904 1589 1022 1678 lediio,
1032 1619 1136 1694 quam
1151 1594 1211 1667 alii
1224 1596 1318 1670 exhi·

39 1676 408 1766 bent,Maexim·an0;
432 1680 642 1769 hnicenim,
665 1711 740 1758 non
751 1684 969 1776 Maximino,
991 1694 1158 1792 quadrant
1174 1699 1319 1768 nomina

40 1783 100 1852 M
99 1777 572 1883 arci,Artrelii‚Vaserii,quae
583 1785 800 1860 Maximiano
814 1785 969 1862 tribuunt
984 1795 1321 1882 marmoramummi,

40 1879 81 1952 ἀ
97 1877 243 1981 antiqua
256 1903 480 1954 monumenta
494 1911 580 1970 non,
595 1883 751 1986 iuquam,
766 1888 984 1977 Maximino,
997 1897 1057 1993 qui
1073 1922 1147 1968 non
1158 1901 1322 1980 Marcus,

43 1979 105 2054 sed
119 1985 225 2053 caius
238 1981 376 2056 dicitur.
399 1983 551 2055 Pertinet
571 2005 684 2056 antem
703 1987 788 2058 haec
804 1988 983 2090 Inscriptio
1005 1993 1046 2064 ad
1066 2019 1122 2066 an.
1138 1993 1222 2068 Chr.
1239 2001 1324 2069 288.

40 2081 82 2158 in
94 2107 199 2184 quem
212 2080 333 2155 incidit
346 2082 557 2156 Maximiani
572 2083 736 2154 secundus
747 2085 956 2157 Consulatus
973 2116 1052 2164 cunr
1065 2099 1181 2193 Pomp.
1191 2094 1323 2183 Janua·

39 2183 110 2261 rio.
140 2186 276 2256 Samuel
295 2181 435 2255 Petitur*
445 2183 489 2254 ad
499 2191 603 2279 Legg.
614 2185 725 2255 Attic.
743 2181 816 2284 post
829 2185 1017 2262 Batonium
1030 2239 1044 2277 ,
1067 2192 1105 2264 δι
1128 2191 1320 2266 Onusrium

44 2282 231 2362 contendit
246 2282 314 2381 lpoc
328 2306 427 2376 anno
442 2309 516 2356 non
530 2282 765 2358 Maximinum
778 2292 869 2388 Aug.
889 2285 942 2358 sed
956 2290 1152 2364 Maximum
1165 2297 1215 2364 11.
1228 2287 1326 2364 fnisse

40 2384 261 2465 Consulemt
290 2407 410 2456 verum
426 2409 482 2456 eos
497 2407 602 2458 errare
616 2379 825 2459 demonstrat
840 2386 955 2461 Emin.
968 2382 1120 2464 Norisius
1140 2391 1177 2463 in
1188 2387 1329 2482 nissen,

40 2491 81 2564 re
107 2507 195 2558 m
209 2492 298 2582 Imp.
313 2485 423 2557 Diocl.
441 2489 484 2558 d*
494 2487 736 2576 Maximiani,
758 2511 860 2589 quern
877 2488 1026 2589 sequitur
1040 2491 1161 2592 Pagius
1182 2490 1219 2564 in
1234 2488 1322 2563 Crit.

41 2585 180 2664 Amal.
199 2583 344 2660 Beronii.
362 2584 561 2660 Postumius
576 2594 745 2688 Lupercus
765 2593 811 2660 V.
825 2585 913 2680 Perf.
936 2589 1038 2664 habet
1061 2592 1215 2665 nostrum
1236 2617 1324 2664 mar-

40 2711 149 2777 mor,
174 2687 229 2762 sed
249 2688 339 2790 apud
362 2688 593 2760 Muratorium
616 2690 741 2788 legitur
760 2687 939 2761 Valeriani
953 2689 1067 2779 filius:
1094 2702 1210 2765 verum
1233 2692 1322 2765 nihil

39 2787 256 2866 mutandum
287 2788 439 2873 censeo,
479 2813 562 2860 nant
589 2786 771 2888 dignitate*
790 2783 1074 2884 Perfiiirffimatus
1107 2791 1323 2892 potiebantur

40 2887 235 2977 ommes,
262 2889 317 2960 seu
336 2887 797 2975 RedioresProv'incia'rum,
819 2889 859 2960 L.
871 2919 908 2984 4.
931 2885 1013 2966 ’σοι
1031 2894 1154 2964 Theoi.
1174 2897 1212 2964 de
1225 2900 1321 2964 Pom.

42 2997 86 3067 L.
106 3017 137 3084 ς.
159 2995 228 3064 eod.
244 2993 326 3062 cod.
339 2991 565 3064 remearint.
587 2989 672 3062 adeo
686 3010 724 3060 ut
739 2987 859 3090 passim
881 2989 919 3063 in
934 2993 1002 3082 jure
1017 2995 1133 3067 nostro
1152 2995 1232 3064 Viri
1244 3000 1322 3063 Per-

37 3089 211 3187 fedr'ffim'
233 3091 413 3164 audiente
450 3091 489 3162 δι
515 3091 556 3164 de
584 3087 788 3164 praesidibus
815 3091 1056 3193 Hispaniarum
1084 3120 1126 3168 ex
1156 3091 1325 3165 veteribus¹

43 3185 334 3294 inscriptionibus
357 3190 509 3264 constare
533 3187 689 3264 affirmat
712 3191 947 3266 Gothosredus
966 3200 1008 3267 ad
1026 3198 1082 3268 rit.
1103 3197 1184 3267 Cod.
1199 3193 1336 3264 Theoi..

43 3299 83 3368 de
103 3291 396 3386 Perfhsliffimatur
414 3295 529 3385 dignit.
556 3297 605 3388 At
626 3288 650 3361 sr
673 3291 749 3390 quis
775 3317 853 3361 cum
877 3295 1070 3368 Muratorio
1092 3301 1199 3394 segete
1225 3289 1324 3362 malit

43 3399 228 3470 VALER.
242 3400 278 3466 f.
293 3396 428 3466 Valerii
435 3392 554 3481 filius,
580 3417 653 3461 non
669 3389 892 3491 repugnabo,
913 3417 1020 3490 quum
1034 3392 1118 3464 haec
1133 3391 1235 3464 lediio
1249 3415 1327 3491 pro-

43 3496 126 3596 pius
152 3494 291 3568 accedat
315 3493 491 3596 prodndiae
514 3494 534 3562 ι
555 3487 755 3582 Pniadesro,
786 3491 846 3591 qui
870 3491 973 3564 edidit
993 3495 1177 3579 VL'ERE,
1206 3491 1320 3593 inept'e

46 3621 169 3671 tamen
184 3597 321 3668 credens
336 3597 438 3668 Utere
452 3589 513 3666 esse
529 3619 724 3696 cognomen
739 3593 1073 3695 Postumii·Luperci.

128 3701 186 3771 De
204 3691 381 3771 Postumio
401 3703 553 3797 Luperco
568 3703 621 3768 Pr.
638 3703 737 3768 Prov.
752 3687 847 3868 Hisp.
863 3695 937 3768 Cir.
961 3694 1050 3767 nihil
1072 3691 1159 3766 mihi
1181 3688 1328 3764 occurrit

49 3799 260 3887 dicendum,
282 3823 387 3902 quum
403 3797 567 3886 asibieius
582 3796 798 3868 mentionem
843 3796 889 3868 eri
912 3823 986 3868 non
1007 3781 1162 3867 viderim.
1188 3789 1326 3862 Dicitur

52 3901 147 3973 idem
157 3905 365 3986 ,DeuotuseN
367 3901 469 3974 remini
479 3895 723 3996 Maiestatipue
736 3905 884 3984 Eorum,
908 3896 1000 4013 quod
1017 3891 1081 3967 nist
1102 3891 1262 4006 mendum
1285 3885 1323 3960 sir

52 4002 257 4102 sculptoris,
279 4007 334 4076 vel
355 3999 589 4103 descriptoris,
616 3997 745 4072 indicat
769 4025 842 4071 non
875 4021 936 4070 um
958 3993 1152 4070 Maximino
1174 3992 1325 4064 dicatam

48 4102 331 4209 suscriptionem.
366 4107 450 4177 Sane
479 4127 587 4205 quum
615 4097 654 4174 in
681 4125 724 4172 ea
748 4096 926 4175 'desiderari
959 4095 1106 4201 primum
1135 4093 1275 4262 versunp
1293 4087 1332 4158 in

281 4243 283 4251 ι
1277 4208 1326 4260 er-
