3154 4628
266 193 330 302 23
650 187 834 302 Deorum
846 265 865 316 ,
894 182 1170 328 Deainnqnir

265 363 395 442 magna
415 333 617 410 audoritate
635 335 812 437 pollebant
827 334 871 408 'in
888 357 998 406 rerum
1017 333 1186 408 sacrarum
1209 325 1291 418 usu,
1321 325 1361 402 δε
1380 325 1528 404 observa·

266 442 385 528 tione,
411 439 448 510 &
469 437 569 512 sacris
590 437 758 510 faciundis
779 433 1038 512 adhibebantur.
1070 429 1380 532 Quindecemviros
1402 433 1422 502 ὲ
1444 435 1529 532 Sylla

267 539 465 628 institutos,
494 533 681 613 verosimile
704 539 777 626 est,
826 563 908 612 uum
931 559 1034 610 antea
1059 537 1103 610 ad
1126 534 1164 610 id
1189 559 1315 608 munus
1341 529 1531 606 Decemviri

268 663 469 719 crearentur.
497 639 626 713 Servius
646 646 688 713 ad
701 566 836 713 Aeneid.
853 635 913 711 sib.
927 651 962 713 6.
979 635 1063 734 vers.
1079 664 1138 732 73.
1166 635 1228 709 Sed
1245 637 1283 708 in
1307 633 1428 709 nostro
1451 657 1531 734 mar-p

268 771 362 820 more
383 771 455 817 non
470 743 668 843 Collegium
684 739 962 836 Quindecemvir.
983 740 1058 830 est,
1086 739 1140 814 sed
1153 737 1424 818 Decemvirum3
1455 733 1531 808 aliar

267 845 366 920 scribi
381 841 523 917 debebat
539 849 616 916 XV.
630 847 729 917 VIR.
760 847 878 936 Quare
894 842 1096 915 credendum
1111 839 1159 914 est
1172 845 1228 914 vel
1244 838 1300 912 hic
1316 833 1424 911 deesse
1437 839 1529 922 VIR,

268 953 324 1022 vel
346 947 451 1020 etiam
475 944 549 1048 post
575 949 707 1042 Syllam
728 941 824 1018 fuisse
849 944 1034 1044 aliquando
1056 942 1257 1044 Collegium
1278 939 1533 1020 Decemvirunr:

267 1075 351 1136 nam
370 1046 563 1138 huiusmodi
579 1046 779 1150 Collegium
799 1074 872 1121 non
892 1046 1017 1150 semper
1040 1046 1159 1119 eodem
1178 1069 1323 1118 numero
1343 1039 1531 1116 constabat.

270 1149 359 1248 Quis
374 1150 474 1222 suerit
490 1147 622 1222 Servius
637 1147 869 1252 Calphurnitts
883 1146 1061 1223 Domitius
1074 1151 1227 1234 Dexter,
1252 1145 1310 1248 qui
1331 1169 1430 1217 aram
1448 1139 1530 1214 resti·

268 1247 363 1325 tuisse
379 1250 523 1338 dicitur,
552 1247 638 1322 mihi
658 1249 877 1352 incognitum
891 1247 950 1322 est.
979 1247 1059 1323 Scio
1072 1249 1260 1322 Consulem
1274 1241 1372 1319 fuisse
1388 1243 1529 1345 Sergium

270 1351 522 1451 calphurnium
539 1349 686 1424 Probum
701 1378 757 1424 an.
772 1351 841 1424 Ch.
858 1357 942 1430 228.»
964 1351 1156 1424 Consulem
1175 1343 1280 1422 ctiam
1299 1341 1399 1420 fuine
1408 1347 1452 1419 C.
1465 1349 1529 1416 Do·

266 1453 405 1524 mitium
417 1455 586 1524 Dextrum
599 1478 658 1524 an.
679 1463 759 1542 196.
782 1443 911 1524 Veiirm
933 1450 971 1524 in
985 1477 1154 1524 marmore
1173 1449 1289 1524 nostro
1308 1471 1457 1551 quatuor
1477 1444 1528 1516 illa

266 1551 414 1626 nomina
433 1552 494 1625 uni
510 1551 705 1626 tribuuntur
718 1553 876 1654 personae
889 1601 903 1640 ‚
918 1553 1044 1654 'quum
1056 1547 1216 1653 singulari
1238 1577 1387 1625 numero
1408 1549 1529 1622 dicatur

264 1651 413 1738 restitnit.
443 1653 497 1727 sir
518 1681 653 1756 quoque
670 1654 841 1728 intertum
863 1653 950 1728 mihi
974 1653 1021 1728 est
1043 1655 1219 1758 quodnam
1239 1646 1529 1752 Promagisterium

265 1751 475 1842 obtinuerit,
497 1755 558 1857 qui
575 1755 604 1830 se
620 1756 887 1858 Promagistrum
901 1761 1070 1858 appellat:
1100 1781 1251 1858 namque
1268 1781 1314 1828 an
1331 1753 1530 1834 libellorum,

264 1881 311 1936 an
326 1853 549 1943 scriniorum,
572 1883 617 1938 an
633 1855 770 1929 alterius
785 1854 901 1930 officii
916 1855 1019 1930 suerit
1028 1906 1042 1945 ‚
1062 1855 1215 1930 divinare
1230 1878 1304 1930 non
1317 1849 1464 1958 possum.

339 1963 411 2029 Ara
425 1953 580 2030 restituta
593 1956 659 2030 suit
673 1957 792 2032 Circes
807 1957 1060 2048 sanuiffimae,
1084 1979 1206 2062 nempe
1221 1963 1346 2045 Deae,
1368 1979 1454 2058 quae
1471 1973 1527 2024 cre·

262 2053 407 2130 debatur
432 2055 518 2128 Solis
543 2056 643 2147 filia,
667 2059 848 2140 ¹ueneficiis
873 2061 1042 2149 infamis,
1074 2061 1115 2134 dt
1139 2061 1177 2133 in
1205 2059 1348 2136 Italiam
1369 2053 1526 2162 profugai
1563 2107 1564 2118 .

263 2157 301 2230 δι
319 2179 434 2232 tamen
477 2159 638 2238 romeruit
659 2168 791 2236 cultum
808 2165 1081 2251 Romanorum,
1108 2161 1147 2235 de
1168 2187 1239 2264 quo
1262 2159 1354 2234 nihil
1378 2145 1527 2256 estquod

263 2257 406 2331 ulteriur
422 2183 639 2334 adinoneam.
665 2261 851 2335 Dedicatio
865 2263 960 2337 fasta
978 2265 1046 2336 fuit
1061 2268 1179 2337 XVII.
1193 2267 1275 2335 Kal.
1289 2260 1375 2352 Julii
1398 2253 1527 2356 (nostro

263 2385 359 2432 more
375 2359 427 2433 die
450 2385 505 2453 15.
516 2363 640 2458 Junii)
665 2368 872 2464 Imperatore
885 2366 1071 2438 Antonino
1080 2375 1177 2466 nug.
1193 2367 1255 2438 IV.
1274 2361 1311 2434 &
1327 2359 1473 2438 Balbino
1485 2356 1526 2426 ll.

263 2461 346 2533 Cos.
367 2459 433 2534 hoc
451 2461 526 2564 est,
551 2489 646 2536 anno
660 2467 704 2536 V.
719 2465 769 2538 C.
778 2474 866 2558 965.
881 2465 1011 2538 Christi
1027 2493 1112 2558 2¹3·
1131 2491 1203 2565 qno
1217 2464 1420 2540 Antoninus
1433 2460 1525 2532 cara·
1562 2513 1563 2585 l

265 2566 355 2634 calla
374 2561 551 2635 sceleratus
575 2562 687 2636 fratris
701 2561 815 2638 Getae
841 2563 996 2655 occiso‘r,
1022 2563 1109 2639 'duos
1129 2567 1200 2656 ianr
1224 2592 1336 2637 annos
1363 2557 1526 2639 reonabatr

254 2661 317 2734 uti
338 2657 505 2736 testantur
524 2659 612 2737 Fasti
632 2663 851 2740 Consulares.
880 2665 936 2738 De
951 2667 1025 2741 hoc
1044 2666 1193 2741 Balbino
1206 2674 1330 2739 *multa
1352 2625 1453 2740 habet
1466 2659 1525 2751 Jul·

264 2761 485 2864 Capitolinus
499 2766 533 2838 in
542 2769 754 2844 Maximinis
765 2765 862 2842 duob.
879 2771 1000 2848 Faetus
1015 2768 1131 2870 postea
1146 2773 1337 2870 Imperator
1348 2792 1452 2872 quum
1466 2781 1525 2832 uno

263 2889 360 2940 anno
377 2863 563 2966 regnasset,
586 2869 606 2941 a
624 2869 791 2941 militibus
812 2870 1035 2969 interemptus
1056 2869 1126 2957 est,
1155 2893 1193 2941 ut
1216 2871 1305 2942 idem
1321 2863 1525 2974 Capitolinus

265 2963 365 3038 refert
380 2967 413 3036 in
424 2971 581 3039 Maxim.
599 2967 634 3040 dt
649 2967 802 3040 Balbino.
823 2975 866 3042 In
881 2971 921 3040 L.
939 2995 970 3041 a.
992 2973 1071 3042 Cori.
1086 2971 1126 3042 de
1134 2975 1216 3044 ord.
1231 2973 1384 3069 pudicior.
1400 2970 1436 3042 ἃ
1449 2971 1485 3037 L·
1500 2983 1524 3030 ¹·

267 3069 349 3137 Cod.
369 3068 407 3139 de
426 3073 469 3137 ln
489 3069 542 3139 lit.
560 3071 655 3144 dand.
679 3086 780 3142 tutor.
806 3067 1003 3170 subscriptio
1024 3069 1153 3144 habete
1165 3057 1396 3145 Antonino'A.
1411 3071 1475 3142 IV.
1488 3059 1523 3131 θ’

264 3163 390 3238 Albino
404 3167 512 3257 Conffi
528 3168 578 3240 uti
595 3168 631 3238 &
644 3167 845 3268 quibusdam
860 3169 936 3242 aliis
952 3172 1036 3244 locis
1046 3173 1133 3270 istd
1149 3175 1350 3248 credendum
1365 3173 1424 3258 est,
1438 3157 1524 3239 Alli·
1559 3233 1560 3256 p

264 3287 340 3338 num
353 3291 414 3366 pro
429 3265 569 3340 Balbino
584 3269 744 3370 scriptum
759 3267 877 3360 sitisse,
902 3299 985 3346 narn
1008 3273 1045 3346 in
1061 3296 1120 3348 tot
1137 3273 1214 3349 aliis
1227 3263 1523 3377 subscriptionibus,
1559 3321 1560 3362 p

262 3363 300 3438 ἃ
323 3369 557 3442 monumentis
578 3371 774 3446 constanter
793 3375 916 3477 legitur
930 3371 1100 3448 Balbinus.
1129 3377 1237 3472 Quod
1257 3377 1383 3449 attinet
1404 3371 1446 3444 ad
1465 3363 1521 3436 sor·
1559 3369 1560 3376 ’

262 3473 394 3540 mulam
406 3477 462 3541 Ex
477 3471 778 3561 austeritatemddo
795 3463 1522 3578 1nscriptionem‚inquaeraditurrxandr
1558 3543 1559 3562 ἶ

262 3570 366 3641 ritate
387 3575 475 3672 Imp.
495 3571 594 3644 Caes.
623 3576 758 3647 Nervae
772 3577 916 3668 Traiani
935 3575 1067 3665 Julium
1089 3579 1252 3650 Ferocem
1270 3567 1456 3651 terminasse
1469 3558 1520 3670 Tf'·

263 3665 351 3741 beris
371 3665 506 3771 ripam,
534 3695 635 3774 atque
655 3677 826 3763 alteram,
855 3701 924 3778 qua
943 3676 1069 3748 dicitur
1089 3701 1132 3750 ex
1154 3679 1301 3772 ejusdem
1322 3677 1520 3782 1mperaror1⁵
1558 3675 1559 3700 ¹

264 3770 463 3844 auctoritare
476 3779 516 3845 L.
531 3771 692 3846 Messium
707 3776 891 3850 Rusticum
906 3779 1029 3879 pariter
1044 3779 1186 3852 eandem
1206 3780 1315 3884 ripam
1333 3755 1518 3876 terminasti
1558 3753 1559 3807 ¹

263 3891 346 3969 quas
361 3871 469 3944 adfert
483 3879 589 3952 Bam.
601 3873 785 3950 Brislonius
799 3883 837 3952 de
850 3889 959 3952 Fonn.
976 3885 1015 3953 P.
1029 3885 1123 3954 Rom.
1145 3880 1205 3958 lib.
1221 3891 1252 3957 8.
1278 3903 1352 3980 cap.
1367 3903 1426 3974 42.
1446 3859 1518 3942 Μ

262 3969 525 4076 Inscriptionem
547 3974 654 4051 aliam
677 3977 766 4055 iuter
787 3977 1024 4058 rabrettianus
1047 4001 1122 4084 cap.
1136 3993 1185 4061 Χ.
1208 4009 1294 4061 narn.
1310 4011 1327 4085 5
1337 4008 1393 4086 55·

1395 4159 1557 4254 aar.
