3158 4620
55 277 130 384 qui
142 276 328 386 Imperium
342 278 380 362 in
392 281 574 364 Pannonia
586 139 850 394 apudliiursiam
862 337 875 380 ,
889 280 957 364 live
968 285 1132 383 Motsam,
1145 284 1196 366 ita
1209 195 1337 380 duni,

65 387 89 458 ὃ
111 387 210 485 Sulp.
232 392 353 462 Severo
375 397 470 463 Sacr.
492 386 621 473 Hister.
646 389 705 463 lib.
724 419 757 464 t.
779 411 852 487 cap.
871 419 927 486 54
955 393 1011 466 seu
1037 393 1145 466 verius
1169 395 1336 483 Murram,

55 504 103 556 ut
126 483 243 558 scribit
263 489 467 608 Eutropius,
491 487 698 564 &Zosimus
719 499 833 582 Milprei
854 513 979 580 vocat,
1000 493 1191 596 corripuit,
1218 496 1337 570 audita
1391 518 1398 534 ·

56 605 180 659 morte
198 587 425 678 Constantis,
452 591 513 694 qui
537 591 625 694 apud
649 595 819 665 Helenam
844 592 1005 694 oppidum
1025 601 1198 694 Pyrenaeo
1219 597 1333 696 proxi-

56 712 188 776 mum,
218 688 480 781 hodierrum,
508 717 610 795 prope
629 691 895 794 perpinianum,
921 694 1111 769 dGaisoire
1135 695 1332 770 interfedlus

55 786 132 860 suit
149 811 244 865 anno
259 789 343 864 Chr.
357 818 440 888 350.
455 819 558 894 quein
571 792 798 868 Constantius
816 821 889 872 iioii
907 794 982 896 post
1001 801 1129 870 multos
1145 796 1213 870 dies
1226 821 1332 898 regno

55 887 186 978 exuit,
205 893 417 994 grandaevae
430 895 535 968 aetati
551 922 623 968 tion
636 893 887 985 vitam³modo‚
908 895 1083 970 sedetiam
1096 901 1331 973 voluntarium

55 988 179 1063 otium
200 995 412 1088 concedens,
432 1019 470 1070 ut
484 996 636 1100 loquitur
649 999 959 1090 Sex..¹lirr.Vi&or.
985 997 1092 1076 Addit
1115 1003 1268 1072 Socrates
1292 1001 1330 1074 in

57 1097 106 1166 H
107 1089 196 1177 t'fltr.
217 1097 393 1192 tripartita
414 1093 475 1170 tib.
489 1123 520 1193 5.
541 1117 615 1194 cap.
626 1125 662 1190 4.
685 1090 806 1188 jussisse
822 1095 1095 1187 Constantium,
1115 1104 1329 1174 utveteran-

56 1193 164 1268 nioni
188 1195 225 1270 iri
245 1195 400 1272 bithinia
419 1197 569 1272 moranti
593 1197 744 1301 sumptus
764 1193 925 1272 uberrimi
948 1225 990 1271 ex
1013 1197 1158 1299 publicis
1181 1197 1331 1275 fiinetio·

58 1291 167 1366 nibus
182 1295 431 1375 exhiberentur.
454 1301 552 1372 Pium
564 1319 667 1372 vocat
683 1296 883 1400 Inscriptio:
908 1298 946 1372 ἃ
965 1295 1120 1400 prosestb
1137 1299 1197 1373 vix
1216 1302 1330 1402 potuit

57 1423 138 1470 non
156 1393 218 1470 else
237 1399 342 1473 etiam
356 1427 390 1475 te
405 1401 503 1503 pius,
523 1399 605 1504 qui,
630 1419 668 1471 ut
688 1399 806 1472 audior
824 1399 872 1472 est
894 1399 985 1474 idem
994 1402 1139 1489 Victor,
1165 1427 1266 1504 prope
1284 1402 1329 1476 ad

57 1494 247 1572 stultitiam
270 1496 531 1604 simplicissimus
558 1499 656 1590 erat,
685 1500 753 1589 dt,
785 1521 822 1573 ut
848 1499 897 1572 ait
922 1502 1131 1602 Eutropius,
1164 1524 1234 1575 erat
1257 1505 1328 1596 iam

58 1597 273 1699 grandaevus
298 1604 430 1678 cunsiis
455 1599 646 1696 amabilis,
676 1598 730 1674 vir
753 1599 906 1704 probus,
938 1601 976 1676 ἃ
998 1628 1134 1677 morum
1157 1627 1306 1678 veterinis
1313 1653 1329 1694 ,

57 1723 104 1770 ac
129 1701 297 1791 jucundae
322 1703 509 1778 civilitatis.
540 1709 623 1801 Qua
642 1697 819 1775 otcalione
845 1727 945 1805 prope
966 1703 1195 1778 Barcinonem
1220 1701 1328 1806 posita

57 1799 172 1874 eidem
189 1801 291 1878 suerit
311 1803 443 1896 statua,
462 1805 540 1910 quis
553 1803 674 1880 dixerit
682 1803 699 1874 'i
725 1809 824 1879 Forte
846 1805 961 1880 caedes
981 1804 1203 1892 Constantis,
1231 1807 1326 1898 cujus

53 1901 245 2076 mnrium
269 1907 407 2009 arripuit
429 1905 645 1993 Vetraunio,
676 1927 810 2007 patrata
841 1934 915 1980 non
940 1912 1043 2005 longe
1069 1906 1324 1996 Hammone,

115 2029 174 2080 am
194 2006 299 2080 alicui
319 2010 434 2084 amico
452 2009 528 2082 dare
546 2007 684 2110 potuit,
709 2028 748 2078 ut
770 2005 883 2088 statua
901 2029 979 2076 eum
998 2007 1193 2080 honoraret.
1219 2012 1322 2102 Quae
1357 2059 1363 2066 -

53 2124 175 2179 tamen
199 2105 237 2180 in
262 2103 334 2180 basi
358 2113 520 2226 leguntur
567 2129 691 2178 uatuor
712 2099 900 2178 decussatae
926 2104 1055 2179 litterae
1076 2110 1122 2178 T.
1140 2109 1187 2178 N.
1208 2109 1257 2180 0.
1277 2108 1323 2182 C.

54 2205 214 2306 sybilla,
234 2229 295 2282 aut
311 2207 447 2311 Oedipo
460 2233 542 2310 opus
603 2204 698 2280 bent.
722 2203 871 2280 Memini
888 2222 967 2280 tom.
985 2232 1015 2277 1.
1034 2225 1114 2303 pag.
1132 2215 1213 2300 146.
1232 2211 1322 2280 Me-

53 2312 152 2382 meir.
172 2313 210 2382 de
228 2317 389 2384 Tretous
410 2335 467 2381 an.
488 2333 594 2400 i7or.
616 2305 654 2380 iii
676 2304 752 2381 aliis
771 2304 1053 2408 Inscriptioiiibus
1077 2305 1121 2382 sic
1142 2307 1324 2408 explicarit

49 2406 234 2484 tribunam
241 2417 289 2481 N
290 2408 510 2502 arbonenfium
518 2411 671 2484 Omnium
682 2409 879 2482 Civitatem.
894 2407 928 2480 si
942 2406 993 2479 ita
1002 2433 1152 2482 marmor
1164 2405 1321 2480 nostrum
1446 2429 1451 2434 ·

48 2505 262 2612 interpretari
276 2509 412 2600 liceret,
431 2508 501 2584 dici
561 2505 643 2597 sset,
664 2509 732 2582 illis
748 2509 839 2583 notis
852 2505 1055 2610 significari,
1078 2507 1319 2584 dCenstantio

48 2608 210 2700 tributa,
236 2608 302 2685 live
324 2609 477 2714 publicas
497 2536 720 2697 riiuiones,
747 2635 831 2712 quas
851 2609 1026 2698 diximus,
1053 2609 1198 2683 indittas
1222 2601 1319 2682 fuisse

46 2707 328 2787 Narbonensibus
350 2708 511 2784 otimibus
530 2707 754 2782 Civitatibus.
782 2713 1005 2809 Quamquam
1024 2701 1106 2783 verb
1132 2707 1200 2784 lroc
1220 2736 1320 2782 vero·

48 2808 160 2886 simile
186 2840 260 2888 non
283 2811 468 2901 videatur,
499 2835 607 2914 quum
633 2831 706 2882 tam
734 2814 837 2910 longe
868 2809 927 2883 ille
952 2833 1101 2908 remotus
1125 2809 1318 2884 Bithiniam

46 2911 215 2988 incoleret
226 2943 239 2999 3
263 2913 329 2988 hac
349 2934 467 2988 tamen
487 2912 620 2986 ratione
642 2907 776 2984 defendi
797 2903 900 3032 posset
921 2907 1107 2984 litterarum
1126 2909 1190 2988 illa
1211 2909 1319 2983 inter·

48 3011 206 3116 pretatio.
236 3015 358 3112 Quum
377 3011 604 3088 Constantius
626 3009 829 3088 Constantis
849 3007 961 3084 fratris
981 3009 1030 3084 sui
1054 3037 1174 3087 necem
1195 3009 1318 3082 acriter

45 3115 284 3204 ulcisceretur,
306 3141 411 3221 quam
431 3115 522 3190 sorte
543 3113 804 3207 Narbonenses,
828 3112 1026 3215 inquorum
1048 3110 1225 3214 provincia
1245 3129 1318 3182 erat

49 3223 218 3307 Helena,
247 3239 395 3292 avertere
421 3211 638 3318 potuissent,
672 3210 699 3286 si
725 3209 941 3314 repressissent
964 3212 1125 3286 Gaisonis
1150 3235 1318 3297 manum,

47 3321 148 3421 siquo
162 3343 303 3394 necatus
316 3317 382 3392 fuit
398 3317 595 3400 Constans,
619 3338 721 3417 quem
741 3311 893 3386 Zosimus
914 3311 1012 3384 omni
1030 3310 1317 3409 destitutuinope

48 3420 201 3497 occisum
222 3419 357 3496 scribit:
388 3445 427 3492 ea
448 3417 486 3490 de
510 3409 622 3490 caulla
643 3415 782 3486 multati
799 3413 960 3498 suerunt,
984 3412 1082 3484 utin
1103 3408 1316 3484 exauttorati

47 3521 293 3600 Vetrannionis
313 3521 463 3625 sumptus
480 3545 540 3624 pro
556 3515 650 3591 vislu
669 3511 864 3588 necelsatios
883 3511 1064 3614 penderent
1083 3508 1224 3585 tributa.
1251 3509 1315 3583 Sed

48 3628 124 3700 satis
145 3627 366 3714 Coniedlores
389 3623 531 3726 egimus.
559 3619 704 3691 Litteras
726 3617 823 3693 hasce
837 3615 1005 3702 TCON,
1030 3613 1077 3686 ait
1096 3612 1251 3716 Cangius
1275 3611 1315 3683 iri

50 3727 233 3820 Disserere
250 3723 346 3817 r'rifrer.
366 3728 440 3799 aevi
456 3719 604 3814 numism.
625 3719 733 3820 accipi
754 3746 813 3820 pro
835 3717 993 3802 PCON‚
1018 3715 1085 3789 hoc
1104 3715 1151 3786 est
1161 3709 1334 3802 Percuffav

51 3827 349 3926 Constantinopolis
375 3851 493 3899 verum
514 3823 583 3896 hoc
606 3839 679 3895 non
701 3820 843 3921 quadrat
870 3815 1035 3918 lapidibus
1059 3813 1234 3916 inscriptis.
1248 3817 1314 3886 'Ex
1360 3895 1366 3906 ι

52 3929 211 4004 hadt'nus
236 3925 393 4003 discussis.
409 3923 521 4030 quivis
542 3922 713 4023 intelliget
738 3946 842 4023 quam
866 3917 980 4018 inepte
1006 3911 1194 4008 Pujadesius
1218 3914 1311 3986 hanc

52 4029 304 4136 inscriptionem
332 4027 459 4107 tribuat
486 4023 636 4107 Eretrnio
663 4023 685 4115 J
688 4074 697 4096 .
705 4025 778 4099 Cto
807 4018 952 4097 adsueta
979 4016 1017 4095 iii
1041 4017 1079 4090 id
1100 4023 1146 4106 L.
1169 4017 1340 4186 Erumpp,

531 4147 534 4152 ·
602 4137 605 4146 “
729 4137 732 4144 “
786 4129 805 4196 l
1301 4141 1318 4191 t
