3154 4628
251 205 314 336 3²3
437 197 723 338 imperitarunt
736 237 752 324 ς
766 191 1066 338 Zagastriiu,
1090 190 1324 332 (astraei.-

248 357 349 454 plane
368 339 624 422 affantatorium
643 343 715 432 eli,
736 349 885 418 Dauus
896 343 1046 416 Nareitai
1059 347 1110 414 M
1112 341 1302 442 ajariariqire
1315 340 1426 442 Eius,
1446 337 1508 418 fori

248 457 344 528 mula
365 447 402 523 in
423 442 707 547 inscriptionibus
716 441 997 618 Hispaniensibus
1011 443 1202 547 frequenter
1220 445 1407 546 usurpata,
1430 439 1508 522 hisce

250 573 373 628 notata
388 547 518 622 litteris.
540 551 587 618 D.
597 548 645 618 N·
656 549 706 619 M.
719 550 766 638 Q.
797 549 819 616 ’.
839 547 899 648 qui
915 571 990 620 mos
1004 545 1137 620 videtur
1149 542 1362 648 promanasse
1377 545 1509 646 apriscir

249 651 434 755 Hispanis,
460 649 518 752 qui
541 648 606 720 sese
625 646 891 748 imperatoribus
910 647 1155 734 devovebant,
1182 653 1237 721 vel
1259 645 1510 724 consecrabant.

250 755 322 828 Dio
340 749 399 824 sib.
416 775 472 844 53.
491 749 532 822 de
544 747 701 850 Augusto
716 753 879 850 loquens:
902 753 1016 842 Quum
1032 747 1097 820 aiii
1121 747 1286 851 (inquit)
1312 749 1393 824 asiis
1410 751 1510 822 imo·

251 857 321 929 dice
330 851 604 951 gratularentur,
617 857 741 920 Sextus
754 851 1059 946 praeeramus
1072 845 1510 948 amatamllau'asapemtr,

252 980 340 1028 more
353 953 582 1050 Hispanorum
591 949 628 1044 se
642 948 778 1046 Caesari
797 949 1009 1046 consecrans,
1035 954 1201 1050 idemque,
1225 948 1426 1044 arfacereat
1445 949 1510 1038 aiii,

252 1057 365 1130 artior
378 1052 523 1138 exiliens.
547 1054 681 1124 Notum
695 1051 743 1124 est
756 1077 798 1124 ex
809 1051 992 1126 Plutarcho
1005 1053 1040 1125 iu
1052 1055 1115 1125 uit.
1125 1055 1279 1140 Sertorii,
1294 1078 1392 1130 more
1402 1052 1511 1157 Hispa·

251 1183 374 1234 norum
395 1159 507 1228 multa
526 1151 708 1225 hominum
728 1152 839 1226 millia
852 1177 912 1254 pro
927 1155 1076 1228 Sertorio
1091 1151 1122 1226 se
1136 1149 1317 1230 devovisse.

326 1255 472 1330 Nostrae
493 1254 790 1356 interpretationi,
815 1281 883 1357 qua
900 1256 1035 1332 Nervae
1048 1253 1200 1346 Traiano
1223 1253 1316 1330 lianc
1337 1255 1509 1332 tribuimus

252 1357 540 1460 suscriptionem,
574 1355 767 1428 adversatur
787 1355 919 1430 Gudius
942 1357 1030 1459 apud
1053 1354 1283 1433 Muratorium
1312 1357 1510 1434 contendent

253 1485 328 1533 eam
350 1458 445 1561 loqui
463 1459 504 1533 de
521 1463 567 1553 Q·
581 1457 736 1547 Traiano
757 1455 868 1528 Decio
890 1463 945 1531 Irn
968 1508 978 1528 .
1005 1457 1104 1559 idque
1128 1479 1239 1560 patere
1264 1457 1317 1532 ait
1343 1486 1385 1534 ex
1411 1458 1509 1536 titulis

251 1559 432 1655 Caesaris,
467 1580 543 1632 tum
571 1557 676 1628 etiam
704 1556 782 1630 inde
810 1557 905 1662 quod
932 1479 1039 1634 siclae
1067 1559 1284 1636 mentionem
1309 1561 1436 1636 Vitarii
1463 1579 1511 1662 pet

252 1659 435 1764 Hispanias
449 1685 460 1740 3
487 1683 572 1732 nam
586 1653 684 1758 figlas
707 1657 757 1730 ita
771 1657 935 1761 exponit,
959 1663 1027 1732 Vir
1040 1658 1174 1751 Clariff.
1190 1665 1302 1758 Agens
1314 1669 1378 1736 Per
1390 1661 1511 1758 Hispa-

248 1765 327 1835 uias
339 1767 375 1834 V
374 1763 574 1848 icariaram,
595 1765 642 1832 Er
654 1765 689 1831 V
688 1760 737 1832 ice
748 1768 878 1849 Sacra,
892 1763 966 1836 &a
990 1785 1075 1834 nam
1088 1767 1126 1833 Ρ.
1134 1767 1180 1836 Τ.
1197 1764 1292 1863 quod
1309 1763 1392 1866 lapis
1406 1763 1513 1850 babet,

252 1863 429 1964 &exponi
443 1855 547 1963 posset
560 1862 753 1935 Provinciae
765 1861 1032 1954 Tarraconensis,
1043 1860 1131 1938 aliae
1146 1863 1287 1938 schedae
1304 1865 1432 1944 habent
1446 1863 1515 1938 ET«
1551 1871 1552 1938 l

255 1963 391 2038 Lubens
413 1961 552 2065 quidem
574 1963 793 2082 amplecterer
813 1963 1014 2066 opinionem
1035 1961 1248 2039 eruditissimi
1270 1967 1367 2059 viri,
1392 1963 1452 2044 nist
1468 1961 1513 2036 vi·
1551 1963 1552 1966 ’

254 2066 367 2140 derem
382 2090 511 2140 nomen
524 2069 692 2162 Trapani,
718 2065 810 2140 nudi
823 2061 981 2166 positum.
1009 2063 1099 2167 Quis
1121 2067 1215 2142 enim
1233 2062 1298 2142 fibi
1316 2063 1513 2173 persuadebit

252 2193 295 2240 eo
318 2163 498 2270 significati
517 2167 689 2256 Decium,
715 2167 773 2270 qui
786 2174 851 2241 M.
866 2177 928 2243 Ca.
941 2167 1086 2263 Meffiar
1097 2169 1246 2266 Quintae
1264 2175 1392 2248 Deciar
1413 2169 1511 2272 appel·

254 2267 316 2344 lari
346 2269 457 2357 solet,
486 2293 592 2372 quum
621 2272 690 2360 ejus
719 2295 847 2342 nomen
876 2268 1062 2372 multiplici
1090 2271 1358 2372 praenominum
1386 2273 1512 2349 cohorte

256 2376 429 2460 vallatur,
454 2377 508 2446 vel
530 2367 886 2472 simpliciterDecias,
910 2371 1091 2444 autetiam
1105 2375 1229 2446 Decius
1240 2377 1439 2478 Traianae,
1462 2369 1510 2444 vti

252 2473 425 2570 Traianus
439 2474 580 2552 Decium
608 2491 644 2542 at
657 2471 801 2554 Traiani
816 2469 889 2545 solo
903 2469 1044 2544 nomine
1059 2497 1273 2572 ntunquaur,
1297 2477 1392 2582 quod
1405 2473 1510 2558 sciant,

252 2571 291 2646 in
305 2573 436 2646 Codice
450 2569 691 2662 Justinianeo,
714 2567 836 2647 sivein
850 2571 1101 2660 Historicorunr
1123 2572 1243 2664 libris,
1270 2573 1339 2652 sive
1362 2580 1399 2653 iu
1418 2569 1511 2651 rasta

253 2695 329 2750 tam
342 2671 478 2746 Latinis
491 2695 596 2776 quam
611 2674 788 2748 Graecina
832 2681 975 2757 allaturi
1001 2699 1084 2750 nam
1098 2677 1253 2778 quamvis
1272 2679 1311 2753 iu
1324 2677 1428 2754 Fastis
1448 2695 1511 2747 ¹1¹⁸·

252 2773 432 2877 nuscriptis
448 2774 536 2878 apud
550 2776 705 2852 isaacum
715 2699 831 2852 Vosip

802 2803 873 2852 rum
894 2803 952 2852 an.
966 2777 1054 2854 Chr.
1067 2803 1088 2852 a
1095 2803 1153 2873 50.
1174 2779 1343 2854 Consules
1365 2787 1510 2881 legantur
1550 2793 1551 2854 Ἰ

251 2881 388 2964 'swelle
410 2873 439 2955 β’
460 2879 485 2971 g,
504 2880 628 2964 spirare
655 2877 739 2952 haec
763 2900 882 2953 tamen
906 2878 1008 2953 lertio
1031 2881 1120 2953 reste
1142 2880 1292 2970 rejicitur
1311 2884 1342 2954 d
1362 2872 1510 2954 Relando

253 2973 292 3050 in
304 2972 391 3061 Fari.
405 2977 575 3072 consular.
598 2977 641 3050 ad
667 3003 747 3052 eum
772 3003 913 3054 annum
943 2985 1060 3077 Quare
1082 3001 1198 3054 autem
1212 2984 1382 3072 Traianus
1401 2973 1510 3072 Caesel

252 3075 387 3150 dicatur
400 3076 438 3150 in
453 3075 569 3150 nostra
584 3078 836 3180 Inscriptione,
865 3078 1014 3156 cauffam
1035 3079 1213 3154 attulimus
1231 3083 1312 3157 satia
1333 3099 1509 3184 coagulen-

251 3199 334 3252 tem.
355 3178 515 3280 Denique
530 3175 630 3252 nobis
642 3207 717 3253 non
730 3178 846 3256 obstat
858 3183 952 3287 quod
964 3189 1000 3255 V
999 3185 1099 3256 iterii
1140 3183 1375 3280 “Hispanias
1395 3195 1509 3255 nomen

253 3299 405 3382 tempore
426 3281 562 3353 Nervae
578 3279 722 3369 Traiani
748 3283 905 3358 nondum
929 3285 968 3358 in
990 3285 1050 3359 usu
1071 3309 1090 3354 e
1116 3305 1174 3366 eta
1202 3311 1286 3358 nam
1309 3283 1406 3385 siglas
1419 3271 1508 3386 Vsa}

252 3405 327 3454 non
339 3383 376 3452 V
374 3384 573 3468 itariaram,
583 3383 676 3485 quod
690 3411 763 3460 non
777 3407 861 3489 puto
875 3386 927 3459 his
942 3383 1034 3460 notis
1047 3384 1148 3459 ullibi
1166 3384 1359 3460 indicatam
1378 3373 1509 3482 reperisse

252 3479 309 3554 sed
325 3485 445 3556 Virtam
459 3481 669 3577 Consularem
690 3486 960 3586 interpretamur.
995 3489 1144 3586 Neque,
1173 3507 1212 3557 ur
1235 3486 1316 3575 illi,
1345 3485 1508 3586 negotium

252 3579 354 3656 nobis
375 3581 592 3663 faciuntilla
611 3589 647 3656 P.
661 3589 707 3656 T.
729 3585 797 3658 hoc
817 3585 889 3672 est,
913 3589 1106 3660 Provinciae
1126 3585 1405 3678 Tarraconeafiu
1432 3593 1508 3681 Ψ

253 3681 370 3757 aestio
391 3682 514 3787 quibus
538 3711 581 3757 ex
602 3685 730 3758 schedis
755 3687 924 3760 mutanda
949 3685 1059 3761 censet
1083 3686 1123 3762 in
1144 3691 1220 3762 ET.
