3158 4620
251 185 274 262 ι
285 185 351 276 34
422 135 1394 288 Flentium,Flamirlcotrttrt,sacerdotumve,-

692 329 735 396 ι.
772 325 1122 412 Nvulstus-

700 465 1073 562 Mournuus

776 607 1082 705 uxone.

321 887 426 962 Ortia
446 911 603 963 materna
621 913 692 962 erat
710 916 797 964 uxor
816 897 856 964 L.
868 891 1017 973 Numisri
1036 898 1225 985 Montani,
1253 917 1293 968 ut
1313 893 1423 999 prodit
1438 893 1509 970 haec

344 991 549 1092 Inscriptioc
579 1017 681 1093 quern
695 995 1017 1084 Tarraconensem,
1050 996 1089 1068 δε
1113 999 1310 1073 flaminem
1334 1005 1371 1069 P.
1387 1003 1432 1070 H.
1449 995 1509 1068 Cit.

249 1091 344 1168 fuisse
365 1092 487 1194 probat
509 1098 616 1182 altera
639 1096 710 1183 iam
732 1091 887 1167 exhibita
905 1096 999 1194 supr.
1022 1121 1108 1170 trum.
1122 1111 1156 1171 6.
1186 1100 1265 1200 Ipsa
1288 1119 1369 1170 vem
1393 1092 1509 1170 Osicer-

248 1193 353 1270 densts
378 1215 618 1294 nuncupatur,
640 1216 769 1295 atque,
796 1217 835 1267 ut
858 1197 1000 1275 suadent
1023 1200 1205 1272 litterae..
1221 1205 1271 1274 H.
1287 1199 1333 1271 C.
1348 1197 1420 1300 post
1433 1202 1509 1268 lacu·

249 1325 344 1396 narn,
354 1291 463 1368 suerat
477 1296 669 1370 Flaminica
684 1303 720 1366 P.
735 1303 783 1370 H.
796 1297 870 1370 Cit.
885 1299 923 1372 δι
937 1299 1054 1400 postea
1062 1301 1257 1374 Flaminica
1270 1320 1426 1400 perpetua
1438 1295 1510 1368 Cae·

249 1401 361 1472 sarum
372 1401 593 1484 Tarracone,
617 1395 677 1468 ubi
692 1421 773 1470 cum
787 1397 1001 1499 indigena&
1012 1401 1165 1478 Homine
1183 1403 1314 1475 marito
1330 1395 1513 1472 credendum

249 1501 296 1574 est
311 1499 421 1572 vitam
435 1491 545 1600 egisse.
572 1498 634 1569 Sed
652 1496 736 1595 quid
753 1498 864 1584 illud,
887 1502 931 1573 d·
941 1497 1051 1598 postea
1063 1505 1218 1594 ,Ocicerd
1241 1497 1401 1576 Fortassis
1414 1497 1509 1598 ptimo

249 1599 374 1674 dicitur
389 1598 580 1672 Flaminica
595 1605 632 1670 P.
645 1601 692 1668 H.
703 1597 748 1670 C.
764 1620 924 1671 mutuato
939 1599 1082 1674 honoris
1102 1604 1206 1677 titulo
1226 1602 1274 1678 ab
1296 1602 1367 1703 ipso
1389 1596 1512 1679 marito,

249 1726 287 1776 ut
310 1700 414 1774 moris
435 1723 529 1786 erat,
554 1701 597 1770 Θ*
611 1695 718 1796 postea
737 1702 897 1772 Sacerdos
919 1701 1101 1796 Caesarum
1115 1710 1324 1776 Tarracone.
1359 1699 1411 1774 Sic
1432 1696 1512 1769 enim

247 1804 428 1906 legendum
443 1798 612 1886 arbitror,
637 1823 710 1876 non
725 1803 872 1872 Osicerd.
892 1802 1020 1902 inquo
1038 1827 1164 1902 [nonus
1187 1803 1256 1878 suit
1280 1803 1387 1906 lapsus
1404 1795 1508 1874 descri-
1542 1799 1543 1884 ζ

248 1905 353 2009 ptoris
376 1927 435 2001 pro
456 1904 588 1972 sacerd.
612 1898 788 1973 scribentis
807 1903 955 1976 Ocicerd.
978 1902 1025 1976 ob
1044 1903 1226 1994 Ocictrdesi
1248 1906 1288 1980 in
1309 1910 1412 1976 altera
1432 1899 1509 1972 linea
1542 1929 1543 1958 ι

247 2001 417 2109 positum,
435 2000 629 2103 praesertim
643 2025 748 2119 (prum
761 2001 846 2102 lapis
861 2030 935 2076 non
950 1997 990 2076 stc
1004 2003 1092 2078 bene
1108 2006 1345 2079 conservatus:
1369 1999 1509 2082 testante,
1542 2059 1543 2096 3

247 2104 306 2208 qui
328 2103 413 2178 vidit
435 2099 628 2194 Pujadest03
655 2102 757 2205 idque
778 2103 919 2192 suadet,
948 2105 1041 2206 quod
1068 2133 1111 2180 ne
1138 2131 1268 2182 manca
1295 2101 1373 2178 esset
1397 2097 1507 2182 oratio,

247 2205 465 2308 repetendum
490 2226 560 2276 erat
584 2231 717 2278 nomen
736 2207 973 2293 flaminicae,
1009 2209 1102 2296 cuius
1131 2213 1211 2282 loco
1235 2201 1416 2281 reetiffime
1437 2195 1513 2302 poni.

247 2309 359 2414 potuit
373 2310 555 2394 Sacerdos,
581 2307 674 2407 quod
696 2331 803 2405 aeque
824 2304 961 2380 feminis
983 2333 1025 2381 ac
1039 2310 1119 2382 vitis
1140 2310 1315 2410 congruit.
1350 2304 1505 2378 Ocicerdre

247 2406 493 2508 orthographia
512 2431 632 2506 patum
653 2425 816 2480 accurata
838 2406 912 2493 est,
937 2433 1021 2484 nam
1034 2417 1088 2483 vel
1104 2409 1261 2506 Ofigerda
1276 2407 1377 2483 scribi
1390 2400 1501 2484 debuit,

250 2511 355 2594 utest
375 2510 412 2580 in
432 2505 558 2578 tabulis
582 2506 793 2592 Ptolemaei,
815 2513 870 2579 vel
884 2509 1010 2609 duplici
1026 2515 1080 2584 SS.
1094 2510 1288 2607 Offigerda,
1319 2532 1356 2582 ut
1375 2503 1501 2582 habetur

245 2611 284 2684 in
298 2607 436 2692 Plinio,
460 2612 514 2677 vel
531 2606 642 2706 potius
657 2606 831 2696 Osicerda,
859 2630 897 2679 ut
917 2611 955 2683 in
977 2637 1121 2685 nummo
1136 2611 1270 2686 Tiberii
1294 2610 1382 2714 apud
1403 2611 1498 2678 Flore·

247 2713 343 2784 zium
352 2709 454 2782 Med.
468 2711 505 2780 dc
515 2707 566 2803 Es
559 2727 593 2805 p.
607 2706 678 2782 tab.
693 2735 751 2801 37.
764 2733 854 2782 rrum.
865 2719 899 2782 6.
922 2712 1012 2796 unde
1033 2711 1071 2787 in
1093 2715 1204 2814 primo
1225 2735 1367 2786 tantum
1386 2706 1498 2804 epec-

248 2831 365 2896 catum
380 2808 444 2879 fuit
458 2805 522 2880 sive
537 2811 738 2911 lapicida,
753 2807 820 2882 sne
833 2812 852 2880 ὲ
863 2811 1075 2916 descriptore.
1098 2816 1174 2888 Fuit
1190 2807 1498 2908 veroMunicipil¹¹1¹

246 2909 410 2984 Osicerda
423 2909 628 2984 Conventus
643 2909 978 3008 Caesaraugustam,
999 2911 1108 3024 posita
1123 2913 1160 2986 in
1174 2893 1498 3008 adtollerceonenfir

253 3031 291 3084 ut
306 3012 406 3082 do'de't
418 3009 551 3080 Plinius
564 3015 620 3079 N.
631 3015 686 3078 H.
700 3003 760 3076 lib.
776 3033 807 3097 3.
821 3028 894 3102 cap.
911 3037 943 3102 3.
964 3011 1023 3084 ubr
1038 3013 1142 3084 etiam
1157 2993 1498 3114 Oiiigeiderrses'lati·

250 3137 377 3185 norum
399 3131 551 3179 veterum
573 3103 669 3179 fuisse
693 3105 820 3194 tradit,
850 3109 984 3182 nonin
1005 3113 1190 3202 Edetania,
1217 3115 1277 3188 ubi
1292 3113 1426 3186 incaute
1439 3117 1500 3171 eam

250 3219 343 3283 locat
366 3215 607 3294 Ptolemaeus,
640 3207 795 3305 deceptus
819 3203 966 3286 fortassis
987 3214 1078 3314 quod
1103 3215 1154 3290 his
1181 3208 1385 3288 contermini
1408 3193 1495 3273 esseut

244 3316 447 3383 Ilercaones.
477 3301 639 3380 Osicerda
655 3305 808 3383 ereditur
828 3309 896 3381 fere
917 3311 961 3384 ab
984 3313 1145 3387 omnibus
1165 3308 1226 3387 else
1245 3313 1404 3417 oppidum
1419 3288 1495 3404 quod

235 3417 352 3503 ,Xerto
374 3412 559 3511 appellatur
580 3409 624 3484 ad
645 3435 744 3498 oram
766 3409 856 3486 Iberi
877 3409 1033 3492 fluonia
1049 3436 1154 3520 prope
1174 3420 1367 3492 Dertosam.

640 3729 657 3738 ,,
811 3617 953 3750 *a*
1088 3731 1093 3740 .

264 4149 411 4214 ..·.·t
811 4081 911 4099 Ἡ
1210 4069 1222 4094 Α
1395 4096 1495 4181 TAR'
