3154 4628
69 331 190 514 PX
206 327 272 405 h'ac
287 329 511 434 Inscriptlone
533 335 694 434 colligere
717 334 822 424 licet,
847 341 941 406 Pana
962 332 1058 410 fitill'e
1074 339 1190 414 Deuin
1215 348 1340 414 tutela-

108 469 149 506 ,ι
177 449 249 504 tem
263 431 439 519 Dertosae,
450 435 633 534 Municipii
644 434 814 521 Rotnani,
828 433 906 520 stve,
916 438 1009 536 quod
1021 439 1131 511 verius
1146 440 1213 527 est,
1229 442 1342 516 Colo*

66 531 153 608 niae
174 532 218 604 ad
240 531 347 632 ripam
371 533 460 606 Iberi
484 531 654 608 fluminis:
684 536 874 608 nonenim
894 538 1029 610 videtur
1053 536 1160 640 posrta
1184 539 1228 613 ab
1252 568 1337 629 uno,

61 655 127 709 aut
154 638 263 704 altero
289 633 387 720 cive,
414 633 468 706 sed
486 636 506 706 i
525 658 601 709 tota
614 635 793 722 Colonia,
817 637 922 736 iqua
946 637 1149 712 missicius
1171 640 1275 744 aliqui
1293 646 1337 720 ad

61 729 271 805 Concilium
300 732 500 806 Provinciae
529 736 711 839 Hispaniae
745 737 925 811 Citerioris
961 740 1149 840 legationes
1186 744 1334 844 prospere

61 831 247 922 obierant:
284 832 384 936 idque
413 834 569 924 iudicat,
599 832 691 938 quod
714 863 816 910 nemo
841 863 926 912 unus
952 839 1153 914 nominatur
1178 849 1330 941 legatus,

60 936 161 1023 cujus
183 959 313 1006 nomen
333 932 418 1024 vix,
440 961 481 1007 ac
506 961 550 1008 ne
566 936 625 1010 vix
638 936 774 1039 quidem
800 936 839 1008 in
860 939 1030 1038 postremo
1054 942 1170 1029 versu,
1199 944 1237 1016 in
1259 949 1332 1044 quo'

57 1034 199 1114 litterae
235 1035 394 1136 temporis
435 1035 558 1128 injuria
585 1037 726 1111 detritae
756 1037 866 1124 suut,
906 1043 1022 1112 locum
1056 1039 1177 1115 habere
1216 1039 1331 1144 posset.

55 1134 185 1235 Neque
204 1133 328 1206 mirum
347 1135 395 1206 est
414 1143 508 1208 Pana
529 1133 590 1211 stbi
608 1132 763 1210 delevisse
778 1139 995 1212 Dertosenses
1014 1140 1187 1241 pastorum
1201 1147 1329 1232 Deum,

54 1259 169 1334 quum
197 1231 243 1306 ob
270 1233 332 1307 soli
360 1233 551 1310 ubertatem
585 1237 672 1315 bene
719 1235 754 1310 io
772 1238 905 1338 ¹magui
941 1237 1092 1313 fluminis
1120 1241 1159 1315 in
1188 1263 1329 1346 utraque

54 1335 209 1422 ejusdem
230 1357 322 1436 parte
349 1335 537 1409 maximam
561 1329 790 1440 fuissepastsrs
819 1339 953 1438 copiam
980 1339 1165 1440 gregibus,
1192 1369 1327 1417 artnen-

54 1435 169 1538 tisque
196 1434 325 1507 alendis
349 1432 537 1510 verosimile
565 1432 617 1510 stt.
653 1433 813 1537 Apposui
842 1438 955 1528 Festus
980 1441 1135 1517 Avienus
1159 1442 1199 1515 de
1228 1443 1327 1518 Ibero

54 1539 221 1638 loquens:
237 1540 285 1604 N
285 1560 398 1634 amque
410 1555 543 1633 praeter
555 1535 686 1633 cespitis
696 1541 939 1613 fecunditatem
950 1559 1038 1640 ,qua
1051 1563 1240 1642 plerunque
1251 1545 1326 1640 pal·

53 1641 193 1723 mitten,
249 1660 292 1710 na
305 1640 390 1708 dona
396 1633 510 1728 florae
522 1641 650 1710 Cereris
670 1636 925 1731 circeastriam,
938 1647 1112 1739 Peregrina
1127 1651 1150 1714 I
1150 1639 1225 1716 iero
1242 1643 1321 1740 sub-

51 1737 371 1923 zebinuntnrfflmine.
399 1743 492 1810 Pana
509 1759 627 1812 autem
638 1743 755 1812 Deum
767 1734 863 1812 fuisse
876 1741 1069 1844 pecudum,
1099 1745 1192 1818 cauit
1217 1743 1324 1819 Ovid.

76 1839 218 1912 &ref
265 1863 431 1934 anm.
645 1876 649 1886 ¹
737 1895 740 1902 -
1028 1891 1034 1900 ·

102 1945 202 2016 Im
215 1945 322 2040 Deum
335 1959 459 2022 uteres
470 1943 603 2038 pecudis
616 1939 919 2036 coiuiffeseruntur'.
933 1945 977 2017 Et
988 1941 1151 2044 Virgilius
1161 1943 1284 2044 ligio.-
1312 1997 1328 2009 -

71 2035 76 2043 ’
110 2047 181 2121 Pan
196 2061 401 2132 curatores,
424 2041 797 2151 oviumqueMagrsiros.

49 2137 122 2232 Sed¹
178 2139 275 2224 idest
288 2143 381 2250 quod
401 2144 590 2244 legationes
602 2141 988 2242 gellerintDertosenses
1010 2141 1048 2217 in
1063 2143 1231 2220 Concilio
1242 2151 1324 2222 Pto·

47 2166 276 2347 vincsieqcir.
288 2243 474 2346 Hispaniae
487 2243 577 2346 apud
587 2237 985 2338 AniciennmAugusinmi
1001 2241 1169 2316 Anicium
1183 2241 1336 2346 quidem'

47 2343 130 2421 subs
145 2341 194 2416 est
205 2343 355 2432 Galliae,
368 2342 528 2428 hodieLe
540 2345 620 2416 Puis
630 2334 779 2416 everbm
793 2365 1026 2444 praeterquam
1040 2345 1131 2444 quod
1145 2343 1188 2417 ab
1202 2343 1334 2448 Hispa·

76 2444 113 2518 ia
133 2441 303 2518 Citeriore
328 2441 571 2546 longe'dislita‘
587 2443 663 2530 est,
686 2442 795 2518 exstat
812 2443 904 2516 enim
920 2471 991 2516 uon
1006 2449 1124 2544 'procul
1139 2445 1320 2534 iVienna,

43 2473 86 2638 ds
114 2543 213 2620 valde
241 2543 407 2618 abnorme
436 2540 514 2617 esset
542 2569 585 2632 ex
599 2546 749 2632 Anicio,
771 2545 967 2617 Aniciorum
983 2541 1161 2640 Augustum
1182 2537 1328 2624 faceres¹

43 2647 124 2746 quis
144 2643 268 2746 quaeso
288 2643 326 2717 in
345 2641 484 2717 Galliae
507 2643 685 2746 provincia
706 2643 889 2716 constituet
905 2643 1106 2716 Concilium
1129 2643 1315 2746 Hispaniae

42 2745 251 2822 Citerioris?
281 2749 397 2842 Quare
414 2743 615 2816 credendum
652 2743 742 2817 otius
756 2741 804 2812 est
814 2743 1010 2813 Alticienum
1024 2741 1200 2838 Angustum
1216 2744 1308 2843 oppi-

43 2847 130 2920 dum
147 2845 288 2948 aliquod
307 2839 401 2918 firisse
417 2842 599 2945 Hispaniae
614 2768 816 2930 (iiterioris,
844 2841 884 2913 de
907 2869 975 2942 quo
997 2869 1104 2944 quum
1129 2849 1227 2916 nulla
1249 2845 1310 2914 fiat

43 2947 181 3031 mentio
203 2945 291 3046 apud
314 2945 474 3045 antiquos
499 2943 694 3046 scriptores,
719 2942 894 3044 quoduam
918 2943 1003 3016 illud
1024 2943 1151 3030 suerit,
1179 2945 1215 3016 ὅτ
1240 2971 1310 3046 quo

43 3055 127 3124 loco
148 3043 278 3134 sotum,
325 3045 431 3119 rorsus
454 3045 663 3146 ignoramus.
697 3043 801 3144 Quod
827 3041 851 3114 st
878 3071 951 3144 qun
977 3043 1100 3118 dixerit
1116 3047 1313 3118 Anicrenum

43 3176 122 3224 non
149 3143 261 3248 oppidi
288 3070 383 3219 liiisle
412 3171 541 3218 nomen
554 3193 569 3232 ,
595 3147 649 3218 sed
672 3147 761 3232 viri,
791 3143 920 3216 scilicet
937 3147 1091 3218 Anicieni
1104 3141 1310 3240 Augustalis,

42 3249 104 3351 qui
120 3244 286 3320 Concilio
298 3243 508 3346 praefuerat,
537 3245 605 3318 boc
627 3267 717 3317 certe
735 3241 910 3344 probabile
931 3272 1004 3317 uon
1026 3243 1096 3316 est:
1128 3271 1210 3316 nam
1225 3243 1311 3318 Ani·

42 3348 186 3434 cienum
209 3371 340 3422 nomen
362 3349 568 3417 Romanum
592 3371 665 3418 non
688 3345 848 3428 videtur,
875 3343 1066 3442 praesertim
1088 3370 1195 3445 quum
1218 3344 1309 3442 nudi:

41 3446 114 3523 line
136 3445 378 3550 praenomine,
399 3446 436 3518 &
454 3443 644 3546 agnomine
661 3463 819 3544 ponatur.
847 3443 990 3514 Interim
1011 3443 1202 3516 notandrun
1222 3435 1309 3516 Dei-

43 3549 155 3623 tosam
185 3543 439 3642 celeberrimum
465 3551 629 3648 populum
657 3543 799 3634 Civium
822 3541 1070 3616 Romanorum
1098 3567 1308 3618 conventum

43 3641 195 3725 habuisse
209 3651 430 3735 Tarracone,
460 3670 505 3719 ut·
520 3643 623 3719 tradit
636 3637 764 3734 Pliniu's
776 3649 834 3716 N.
845 3651 899 3716 H.
918 3642 978 3718 lll.
993 3673 1024 3738 3.
1045 3666 1116 3742 cap.
1132 3674 1163 3738 3.
1190 3637 1308 3718 verirm

45 3749 85 3830 de
107 3749 176 3824 hoc
200 3772 372 3821 conventu
394 3742 711 3849 iuridico'intelligi
735 3745 855 3846 nequit
877 3743 1078 3820 Concilium
1099 3753 1195 3818 Prov.
1211 3745 1304 3843 Hisp.

47 3848 123 3924 Cio
154 3849 225 3924 uod
231 3850 347 3964 potius
361 3847 490 3923 indicat
502 3846 676 3948 generalia
690 3846 832 3919 comitia
844 3847 949 3938 totius
963 3845 1172 3919 Provinciae.
1184 3847 1303 3930 Plane,

46 3947 73 4044 ss
85 3956 103 4021 1
142 3948 264 4052 criptro
278 3950 361 4022 sana
373 3949 420 4022 est
431 3995 448 4038 ‚·
469 3951 518 4024 uti
532 3975 670 4022 mecum
684 3973 761 4019 eam
775 3947 1046 4020 communicavit
1067 3944 1300 4020 celeberrimus

46 4053 94 4152 D.
106 4051 301 4128 franciscus
321 4057 422 4124 Peren
438 4057 550 4152 noyer
569 4049 791 4218 Canonicu‘sC
792 4047 878 4124 olim
891 4041 1172 4136 Barcinonensis,
1200 4045 1315 4215 hodigt

804 4175 825 4222 a
