3154 4628
204 375 207 382 .
258 320 401 416 &aram
424 313 521 392 litam
544 312 639 392 fuisse
667 316 727 392 nbi
742 317 857 394 ¹sioclie
882 324 998 394 locata
1025 315 1075 392 est
1097 315 1260 394 resecta
1274 362 1303 406 ,·
1321 311 1505 420 persuadent
1566 302 1567 305 '

227 447 229 497 ζ
247 417 495 518 {ascriptiones
511 418 642 518 aliquot
657 417 784 502 ibidem
797 419 988 506 exstantes,
1006 445 1092 520 quae
1106 425 1236 514 Egaree
1250 445 1378 493 nornen
1392 413 1505 488 adscri-

219 571 224 598 ,-
254 541 351 620 prum
372 515 521 603 habent,
548 519 606 589 Cl.
622 523 670 588 11.
691 545 746 610 14.
776 515 830 588 Sic
851 515 1231 618 pariterlnscriptioues
1249 523 1296 590 11.
1315 545 1329 610 3
1341 544 1371 608 ς.
1394 519 1436 586 V.
1451 539 1508 626 4⁰:

255 639 402 718 arguunt
423 615 585 714 Ausoniam
609 641 649 687 eo
672 616 740 688 loci
763 610 869 687 fuisse¹
883 643 952 718 quo
974 641 1067 690 nuuc
1091 612 1202 710 Isana.
1232 610 1303 688 ⁴Seis
1324 611 1382 688 etsi
1402 612 1507 713 oppidu

223 761 225 766 .
255 737 384 790 nornen
403 741 475 786 non
494 715 704 814 praeferant,
732 713 887 787 indicant
913 733 1028 786 tamen
1045 714 1224 788 ‘civitatem
1248 715 1334 788 olim
1354 711 1401 786 ibi
1424 705 1515 784 fuiss·

254 810 451 894 conditam
477 837 648 916 quaenam
664 837 745 886 vero
759 807 885 906 suerit,
913 839 953 886 eu
980 811 1232 886 circunstantiis
1256 811 1439 914 aliquando
1457 809 1507 882 in·

255 913 336 986 serre
361 909 488 1004 licebit.
524 919 606 1008 Qua
627 911 761 984 ratione
783 911 964 984 hodiernae
986 915 1170 984 Maternus
1187 909 1405 997 tribuendam
1419 913 1508 981 'vete-

259 1015 329 1084 rem
343 1011 523 1084 Illurouem
543 1004 702 1084 credibile
719 1009 789 1098 esi,
813 1035 854 1084 ex
868 1038 936 1112 quo
953 1009 1124 1102 nonnulla
1145 1007 1265 1112 scripta
1284 999 1451 1102 marmora
1470 1003 1512 1078 ibi

255 1113 385 1186 exstent
396 1138 407 1193 5
432 1111 470 1182 δε
489 1109 684 1226 Geogr'aphi
711 1109 843 1212 antiqui
866 1109 903 1202 in
918 1135 978 1184 ora
993 1109 1094 1182 inuis
1112 1109 1187 1214 post
1209 1103 1510 1194 barcinonem&

255 1217 479 1286 Baetulonem
493 1233 669 1310 proxume,
691 1206 759 1282 sine
777 1209 914 1306 alterius
929 1209 1042 1312 oppidi
1061 1207 1321 1297 interjeotione,
1348 1215 1511 1283 collocent

252 1317 452 1385 Illuronem.
476 1311 531 1382 Au
549 1310 631 1382 haec
648 1335 689 1380 en
704 1308 819 1382 iisdem
842 1311 1066 1384 marmoribus
1088 1305 1244 1380 discimus
1265 1309 1359 1413 saepe
1381 1304 1509 1410 oppido·

211 1421 215 1432 ’
250 1425 326 1484 num
345 1410 489 1482 nomina
502 1433 588 1508 quae
608 1433 648 1480 ex
670 1405 745 1479 aliis
760 1407 914 1508 antiquit
932 1407 1162 1481 monumentis
1182 1405 1308 1479 hauriri
1328 1425 1510 1511 nequeunt,

177 1587 179 1594 Α
253 1508 360 1583 veluti
372 1503 706 1602 Serisama'Brasacm
719 1509 762 1578 V.
779 1533 835 1598 ¹4·
854 1505 969 1606 utique
985 1504 1009 1578 st
1023 1508 1088 1580 hoc
1104 1507 1307 1606 postremum
1317 1507 1371 1579 est
1387 1529 1508 1606 cogno-

250 1607 547 1700 menSece'samaes
568 1606 691 1677 Flavia
705 1605 877 1701 Augusta,
898 1612 966 1678 Ill.
991 1633 1048 1678 22.
1061 1603 1278 1677 Albeutr'bt'lis
1290 1609 1334 1677 V.
1348 1611 1408 1680 e'e.
1431 1604 1508 1676 Tri·

249 1711 333 1780 tt'um
345 1706 501 1803 Megale,
514 1711 582 1776 Ille
601 1731 658 1796 ¹5·
671 1707 827 1778 caucelli
837 1751 849 1791 ‚
871 1701 896 1776 su
911 1705 1017 1806 proba
1030 1705 1076 1778 est
1092 1704 1192 1778 tectio
1206 1699 1440 1805 Inscriptionis
1451 1715 1508 1794 63.

251 1810 394 1880 curn.
419 1806 456 1877 ἃ
478 1805 513 1876 id
535 1802 744 1903 genus-alia.
773 1803 943 1876 Discimus
963 1805 1086 1906 pariter
1106 1829 1192 1906 qnae
1211 1803 1370 1878 civitates
1388 1803 1508 1878 strerint

248 1903 464 2004 Municipia,
485 1929 573 2004 quae
588 1899 760 1977 Coloniae
777 1905 849 1994 iure
868 1901 1076 2004 gauderent,
1099 1901 1222 2005 quibus
1238 1903 1511 2008 cognominibus,

249 2003 423 2105 titulisque
446 2001 645 2076 honorificis
667 2003 918 2076 decorarentur.

261 2131 268 2142 ·
322 2102 509 2175 Veniamus
526 2103 570 2174 ad
580 2095 882 2204 Chronolo'giam,
906 2101 961 2176 cui
977 2107 1089 2176 multa
1102 2108 1160 2175 lux
1176 2097 1320 2202 affulget
1334 2129 1376 2177 ex
1392 2095 1513 2178 lnscti·

246 2199 445 2302 prioribus,
470 2200 662 2304 praesertim
681 2201 742 2274 ubi
763 2204 996 2302 caprimuntut
1014 2200 1097 2276 anni
1118 2199 1318 2274 tribunitiae
1338 2197 1511 2303 potestatis

247 2310 518 2403 imperatorum,
541 2308 595 2372 uel
612 2301 832 2387 consulatus,
856 2309 911 2394 vel
926 2301 1019 2373 tituli
1039 2323 1080 2374 ex
1100 2297 1254 2371 sicioniis
1273 2301 1377 2401 partis
1392 2301 1511 2374 eisdem

208 2395 223 2408 ”
247 2399 391 2489 tributi,
411 2401 507 2502 -quod
528 2397 647 2500 passim
669 2395 782 2471 evenit
808 2383 934 2470 inillis
977 2425 1037 2470 uae
1062 2397 1346 2482 consectabantur
1368 2407 1510 2502 Impera·

245 2501 389 2573 toribus.
419 2502 513 2572 Huic
534 2496 680 2571 utilitati
701 2491 849 2598 ,quam
872 2427 1041 2597 praedant
1062 2497 1330 2596 Inscriptiones,
1359 2501 1507 2574 finitima

245 2598 308 2670 illa
333 2600 408 2685 est,
441 2619 526 2700 quae
551 2597 594 2668 ad
619 2597 735 2670 Festos
760 2597 965 2670 Consulares
990 2597 1204 2669 illustrandos
1229 2597 1402 2698 pertinet,
1433 2601 1510 2673 duro

245 2699 413 2770 Consules
439 2697 624 2772 nominant
648 2697 780 2786 adjetio
805 2722 948 2770 numero
974 2697 1208 2768 Consulatus:
1241 2723 1282 2770 ex
1307 2725 1378 2812 cpuo
1404 2700 1507 2771 etiam

247 2797 443 2898 colligimus
462 2798 590 2896 tempus
609 2792 705 2895 positi
722 2796 960 2875 monumentis
985 2793 1044 2866 sub
1057 2794 1191 2895 quibus·
1214 2795 1402 2898 rinciprbus
1421 2801 1511 2872 Con·

244 2895 328 2986 sules
347 2895 518 2977 vixerints
542 2895 600 2994 qui
623 2892 748 2965 suerint
768 2893 922 2980 suffesti,
944 2901 997 2966 uel
1017 2917 1156 2966 tantum
1174 2820 1367 2996 siliginei,
1390 2905 1507 3000 quales

221 2992 300 3066 'esse
322 2994 514 3068 debuerunt
526 2993 584 3094 qui
604 2993 765 3065 ordinatii
789 2993 827 3064 in
851 2993 954 3065 Fastis
976 3018 1049 3066 non
1072 2993 1240 3094 leguntur.
1262 2997 1503 3098 Mytholngiae

239 3117 454 3194 nortpertum
480 3091 668 3166 inserviunt
695 3089 934 3192 suscriptiones
962 3093 1094 3166 nostrae
1119 3093 1157 3165 in
1183 3096 1327 3194 primam
1353 3093 1503 3169 Classem

243 3197 425 3278 cortieclae.
461 3202 503 3266 In
526 3192 577 3265 nis
601 3187 761 3291 squidem
786 3191 929 3293 legimus
956 3193 1050 3266 varia
1073 3199 1254 3280 Deorum,
1285 3200 1504 3296 Dearumque

239 3291 283 3363 ab
306 3291 460 3364 Etltnicis
485 3299 654 3363 cultorum
676 3290 845 3380 nomina,
873 3291 1047 3393 epitheta,
1078 3314 1180 3394 atque
1205 3293 1329 3366 eisdem
1353 3293 1446 3368 satta
1471 3293 1506 3364 dt

236 3391 347 3463 soluta
371 3417 475 3477 vota,
498 3413 657 3477 ararum,
680 3391 890 3479 statuarum,
915 3392 1113 3492 aediuunque
1132 3389 1206 3492 ipsis
1228 3393 1500 3466 consecratarum

240 3491 521 3590 superstitionem.
545 3489 773 3598 intelligimus
794 3492 916 3591 pariter
931 3519 1016 3592 quae
1035 3489 1154 3591 quibus
1174 3489 1213 3562 iu
1234 3493 1336 3578 huius
1351 3488 1503 3594 regionis
1535 3543 1539 3552 .

238 3590 323 3662 locis
343 3591 487 3662 turtiniua
507 3589 636 3663 suerint
656 3615 837 3662 venerata:
864 3591 947 3690 quin
966 3589 1073 3662 etiam
1087 3586 1407 3692 viventi'Augttsior.
1424 3597 1505 3664 tarne

236 3711 338 3790 quam
352 3693 414 3762 deo
429 3713 524 3762 aram
538 3684 732 3761 Tarracone
753 3687 847 3760 fuisse
863 3687 1031 3790 politam,
1053 3689 1111 3762 Cl.
1128 3696 1176 3762 ll.
1194 3701 1230 3763 r.'
1241 3719 1275 3764 2.
1299 3691 1365 3764 His
1383 3692 1500 3780 adjun-

236 3789 337 3888 gendi
364 3791 438 3862 stunt
467 3791 637 3862 sacrorum
662 3787 840 3876 ministri,
876 3790 915 3862 de
937 3789 1058 3890 quibus
1080 3789 1252 3892 praecipue
1277 3794 1336 3864 Cl.
1352 3798 1421 3863 111.
1443 3783 1503 3862 ubi

239 3889 508 3961 Sacerdotiorum
524 3888 626 3960 varia·
635 3913 760 3988 genera
772 3891 1003 3972 recensentur,
1028 3891 1064 3962 δι
1080 3889 1224 3963 nomina
1241 3919 1323 3966 cum
1338 3891 1503 3972 virorum,

238 4009 312 4060 trem
335 3987 569 4070 remiserunt
604 3985 712 4062 ueluti
738 3990 933 4080 flamines,
968 3987 1208 4080 flaminicae,
1237 4018 1332 4068 tant:
1341 3987 1503 4096 perpetuis

233 4113 244 4132 ··
1408 4109 1507 4192 quam
