3154 4628
240 183 307 302 ῃ
431 163 717 296 Imperatorum
736 198 753 282 ς
774 151 1041 294 Augustusne
1053 230 1070 279 ,
1096 149 1333 292 srtlitruttt':

241 310 389 412 gentium
407 299 648 390 barbararum,
668 305 743 375 &n
770 298 857 374 nihil
880 301 1039 377 continet
1058 295 1215 387 barbari,
1245 299 1305 372 sed
1332 319 1413 372 non
1438 293 1518 374 nihil

252 405 485 492 adulationis,
506 404 542 475 &
557 397 800 502 hyberbolicae
815 401 1044 501 loquutiunis3
1067 425 1278 502 quamquam
1298 425 1382 472 nun
1400 403 1522 500 prorsus

255 509 392 594 manis,
418 505 534 607 utique
552 501 575 576 sr
591 509 802 606 Imperator,
827 499 883 573 cui
902 503 1052 604 elogium
1067 505 1159 578 dicat
1172 505 1250 574 Val.
1264 500 1459 590 Julianus,
1480 501 1522 574 est

257 617 309 690 M.
324 610 483 685 Aurelius
496 605 697 680 Antoninus
710 608 845 691 Verus,
877 611 1064 704 appellatus
1086 593 1192 712 vulgd
1209 601 1463 700 Philosophus,
1490 625 1524 676 ut

257 716 354 812 snpra
378 709 580 780 adnotamm
603 703 671 784 est:
698 703 820 805 qnippe
838 703 900 804 qui
918 712 972 778 tel
992 729 1051 804 per
1069 704 1294 790 suesduces,
1327 709 1389 776 vel
1411 727 1468 805 per
1486 703 1523 790 se,

207 893 212 903 ,
257 811 350 913 quod
368 808 573 909 frequentius
594 804 744 892 accidit,
768 805 975 904 depugnavit
995 806 1148 880 adversus
1162 805 1315 891 Cattos,
1343 807 1524 892 Sarmat,

257 911 456 996 Vandalus,
481 911 779 993 Marcomannos,
808 907 935 977 Suevos
950 954 970 994 ,·
990 903 1028 978 ἃ
1049 908 1267 994 Germanus,
1292 927 1392 1006 quos
1413 929 1523 978 omnes

258 1013 411 1085 Gentium
431 1003 648 1080 barbararum
668 1004 809 1079 nomine
825 1005 941 1077 venire
962 1005 1180 1082 manifestum
1199 1003 1258 1078 est.
1287 1006 1409 1106 Quod
1423 1005 1523 1104 proti·

258 1109 469 1204 dentsffimum
482 1114 625 1210 appellet
638 1111 689 1180 M.
706 1103 908 1194 Aurelium,
936 1134 1009 1182 nun
1031 1106 1203 1180 immerito
1224 1105 1339 1195 facit,
1365 1106 1523 1212 quumin

259 1213 366 1287 rantis
382 1207 661 1296 calamitatibus,
684 1233 771 1309 quae
786 1209 971 1308 Imperium
988 1203 1166 1310 oppressere
1185 1233 1226 1281 eo
1245 1231 1447 1310 regnante,
1470 1206 1522 1279 sese

255 1306 572 1422 prudentissimum,
596 1308 634 1381 &
651 1308 951 1410 vigilantissimum
969 1309 1156 1414 principem
1177 1306 1381 1384 ostenderit.

330 1414 449 1488 Unum
477 1432 595 1482 tamen
622 1408 671 1480 esl
722 1408 791 1480 uod
818 1409 867 1481 im
890 1410 986 1498 edit,
1023 1437 1066 1482 ne
1095 1407 1200 1484 Inscri
1224 1409 1274 1484 tio
1305 1409 1419 1486 tribui
1445 1399 1523 1510 polle

253 1513 406 1588 videatur
420 1513 588 1584 M.Antu.
603 1435 832 1610 Philosophu,
856 1432 937 1582 liin
956 1536 1098 1586 numero
1109 1435 1323 1585 Considatus
1344 1508 1438 1586 nihil
1452 1529 1519 1608 pet·

255 1639 371 1689 tatum
385 1609 465 1683 suit.
488 1613 582 1682 Nam
595 1609 663 1697 ejus
678 1607 886 1684 Consulatus
901 1616 950 1684 11.
968 1611 1028 1713 qui
1041 1611 1097 1685 hic
1112 1609 1323 1714 apponitur,
1350 1610 1476 1688 incidit
1493 1605 1523 1680 in
1556 1627 1557 1714 p

253 1739 386 1790 aunum
407 1710 492 1782 Chr.
514 1734 594 1802 145.
619 1733 689 1809 quo
713 1709 848 1786 Consul
872 1711 939 1785 suit
963 1737 1042 1784 cum
1065 1719 1162 1786 Patre
1177 1713 1370 1788 Antonino
1392 1711 1456 1788 Pio
1470 1709 1522 1781 IV.
1556 1715 1557 1728 ³

253 1816 405 1914 adeoque
425 1810 465 1884 de
483 1809 546 1883 illo
568 1809 717 1914 intelligi
736 1839 810 1885 non
829 1812 962 1916 potest,
986 1811 1045 1916 qui
1066 1839 1107 1887 eo
1127 1837 1222 1887 annu
1240 1814 1407 1890 nondum
1421 1821 1520 1907 lupe

254 1935 350 1990 tator
376 1931 475 1999 erat,
505 1909 560 1984 sed
581 1909 705 2008 Caesar
730 1932 881 1986 tantum.
920 1919 1143 2016 Quamquam
1171 1912 1261 1989 nihil
1283 1912 1352 1990 erit
1379 1907 1521 1996 absurdi,

226 2030 230 2036 ’
256 2013 283 2091 li
302 2013 455 2086 dicamus
475 2015 525 2085 Μ.
539 2012 716 2085 Aurelium
738 2009 833 2087 fuisse
855 2015 992 2119 quidem
1014 2015 1202 2090 Consulem
1219 2020 1270 2091 11.
1304 2016 1422 2092 adhuc
1443 2015 1521 2088 Cas·

259 2116 388 2202 sarem,
410 2107 579 2189 retinuisse
593 2133 710 2188 tamen
723 2111 865 2190 titulum
877 2117 1087 2197 Consulatus
1100 2123 1148 2192 11.
1163 2115 1237 2220 pust
1250 2115 1419 2220 adeptum
1431 2115 1523 2213 impe·

259 2213 439 2302 rium,&
460 2239 529 2318 quo
554 2237 704 2317 tempore
728 2216 922 2291 dedicatum
946 2215 1005 2319 ipsi
1029 2218 1096 2293 fuit
1125 2242 1402 2294 monumentum
1430 2211 1519 2300 istud,

258 2338 366 2422 qtrnm
384 2315 490 2388 alium
504 2315 736 2389 Consulatum
751 2317 906 2390 nundum
921 2313 1087 2420 gessissem
1111 2319 1204 2420 quud
1217 2319 1255 2390 dt
1269 2319 1313 2392 de
1329 2320 1409 2396 aliis
1423 2323 1517 2416 Impe-

150 2478 154 2484 .
255 2416 424 2494 rasoribus
452 2413 621 2488 observari
649 2408 739 2516 posse
768 2417 973 2492 adnotatum
1000 2417 1049 2492 est
1076 2419 1182 2520 supra.
1218 2417 1282 2492 Sed
1308 2417 1335 2494 li
1362 2420 1418 2495 cui
1445 2417 1516 2491 laec

258 2547 331 2592 non
355 2515 562 2618 probentur,
590 2513 634 2586 ad
654 2515 763 2588 alium
786 2524 1029 2620 Imperatorem
1052 2543 1218 2594 recurrere
1242 2516 1467 2596 necessarium
1489 2508 1516 2584 ti

259 2621 333 2694 erit.
360 2620 484 2690 Nullus
504 2635 642 2704 autem,
667 2639 706 2690 ut
725 2617 813 2693 mihi
832 2619 991 2712 videtur,
1019 2619 1131 2726 aptior
1149 2645 1253 2728 quam
1269 2621 1362 2698 lilius
1379 2607 1517 2726 Septimii

260 2717 371 2792 Severi
394 2711 572 2802 Baffnni,
601 2743 702 2835 tpuem
724 2742 821 2818 pater
842 2721 1023 2827 appellavit
1043 2729 1108 2796 M.
1121 2723 1297 2798 Aurelium
1311 2725 1516 2799 Antoninum
1555 2797 1556 2800 ,

265 2820 408 2892 testante
422 2821 499 2889 Ael.
523 2819 701 2918 spartiano
723 2823 856 2896 inAnt.
870 2833 978 2913 Geta,
1002 2823 1061 2926 qui
1080 2822 1196 2925 postea
1217 2824 1324 2898 etiam
1346 2813 1515 2898 caracallas

259 2921 370 2996 diurn
396 2916 473 3004 est,
505 2937 543 2990 ut
569 2917 658 2990 idem
683 2921 850 3019 spartian.
876 2924 914 3000 in
928 2929 1012 3000 Ant.
1033 2925 1226 3000 caracalla.
1262 2925 1338 3002 *Hic
1364 2919 1513 3027 liquidem

261 3028 450 3126 Imperator
461 3018 510 3089 11.
522 3017 655 3091 Consul
666 3017 733 3092 suit
748 3045 826 3093 cum
838 3023 939 3097 fratre
952 3031 988 3097 P.
999 3023 1162 3124 Septimio
1172 3027 1266 3098 Geta
1280 3052 1340 3100 an.
1351 3025 1481 3098 clueo
1486 3037 1510 3109 5·

261 3121 304 3196 ad
326 3143 427 3224 quem
460 3141 632 3218 propterea
658 3143 789 3196 annum
817 3123 988 3198 referenda
1023 3125 1085 3198 erit
1110 3125 1302 3228 Inscriptio.
1340 3132 1444 3199 Plane
1466 3133 1510 3188 tut
1554 3183 1555 3232 p

258 3218 519 3297 Antoninorum
533 3219 626 3292 series
645 3221 683 3296 in
698 3223 869 3325 Imperio,
895 3224 1076 3300 molestum
1097 3226 1235 3301 exhibet
1255 3227 1437 3330 negotium
1455 3239 1505 3288 εί·
1554 3235 1555 3242 ’

258 3324 382 3426 plicare
395 3319 611 3409 volentibus,
632 3322 708 3425 quis
727 3353 767 3399 ex
784 3325 852 3400 illis
867 3326 1106 3430 intelligendus
1120 3323 1171 3400 sit.
1197 3329 1382 3419 Quaedam
1401 3338 1507 3398 tamen

258 3419 441 3524 propositae
468 3421 626 3522 opinioni
654 3427 818 3502 adversari
841 3429 1023 3503 videntur:
1052 3429 1201 3530 primum
1232 3431 1347 3505 laudes
1379 3427 1416 3500 in
1446 3435 1508 3492 tam

258 3525 439 3624 indignum
458 3524 642 3623 principem
664 3533 832 3602 collatae:
862 3529 1066 3617 secundum,
1087 3529 1180 3630 quod
1195 3532 1231 3600 V
1229 3533 1279 3604 tri
1296 3527 1437 3607 nomine
1453 3539 1502 3616 ψ

259 3631 410 3728 pelletur.
440 3625 503 3696 Sed
522 3624 589 3696 huc
608 3625 782 3725 epitheton
804 3626 961 3702 adulator
982 3629 1097 3732 largiri
1116 3631 1229 3734 potuit
1253 3631 1291 3706 in
1315 3621 1502 3705 memoriam

256 3747 309 3798 tut
329 3724 518 3824 principum
537 3726 771 3815 anteriorum,
792 3729 851 3830 qui
863 3733 949 3804 Vtri
962 3757 1158 3833 cognomen
1178 3736 1400 3837 usurparunt:
1430 3707 1502 3824 illud

259 3849 376 3898 autem
394 3831 493 3924 plane
517 3824 746 3900 adulatorium
767 3829 818 3902 est
834 3829 872 3904 in
889 3832 1036 3934 gratiam
1057 3834 1216 3936 principis
1239 3827 1431 3914 vanissimis
1454 3839 1504 3916 ‘lm

255 3924 297 4029 βι
311 3932 399 4024 leges
414 3948 554 4000 naturae
568 3921 819 4026 pessumdabat,
844 3931 882 4003 δι
901 3935 931 4005 se
945 3933 989 4008 ad
1002 3935 1162 4008 Herculis
1173 3936 1333 4010 virtutem
1347 3911 1499 4006 accessisse

254 4021 492 4130 gloriabatur,
519 4051 698 4132 paremque
720 4030 752 4110 se.
772 4029 901 4108 serebat
914 4035 1113 4115 Alexandro
1133 4039 1279 4144 Magno.
1307 4033 1403 4115 Adde
1423 4009 1504 4191 qff,
1554 4081 1555 4094 ι
