3158 4620
126 327 130 339 Ι
551 175 711 324 ‘'Clastir
739 181 824 289 'mr
1228 193 1333 316 Tm·

156 355 163 363 '
287 335 1026 462 ‘fratrsucoucrttn
1233 316 1238 328 ’

242 593 245 601 .
598 501 790 578 nnc

228 631 310 698 Φ
359 631 1016 724 commurmurantes

524 779 845 883 -nnnurvs
944 812 1003 830 „

608 921 776 1043 our

284 1058 1101 1102 ...ιιι-Μ

47 1197 50 1211 ’
148 1191 248 1266 Liam
260 1186 317 1262 hic
332 1185 497 1260 habemus
512 1176 765 1263 Flaminium,
790 1172 846 1244 cui
869 1173 1010 1246 maritus
1032 1173 1195 1248 consensu
1217 1171 1324 1246 etiam

181 1299 234 1364 Pr.
252 1295 299 1362 H.
318 1287 392 1360 Cit.
415 1284 481 1389 hog
498 1295 766 1364 monumentum
781 1277 814 1346 S.
826 1281 862 1345 Ρ.
873 1279 909 1366 Ε.
933 1274 1000 1347 hoc
1019 1275 1090 1363 est,
1108 1275 1171 1370 sua
1184 1277 1322 1374 pecunia

41 1397 143 1496 fecit.
172 1390 338 1464 Scribitur
354 1377 643 1481 Pompulenum,
674 1373 726 1448 uti
747 1375 786 1446 ἃ
808 1375 847 1446 in
872 1374 947 1447 aliis
973 1375 1139 1476 lapidibus
1162 1377 1323 1478 scriptum

49 1501 232 1602 reperitur,
259 1513 296 1563 ut
316 1487 403 1562 nihil
419 1485 457 1560 stt
474 1477 602 1568 caussae
622 1503 682 1552 cur
701 1497 872 1550 rnutemue
891 1475 929 1548 in
948 1475 1207 1572 Pompeionenft,
1233 1473 1326 1576 quod

46 1602 179 1704 placuit
192 1594 412 1676 Oihenarto,
431 1606 644 1691 quamquam
657 1583 677 1651 a
688 1578 850 1678 Pompeio
865 1589 994 1650 nomen
1009 1579 1197 1678 acceperit,
1219 1579 1237 1648 a
1251 1601 1320 1678 quo

45 1727 91 1776 ut
114 1697 215 1774 multi
239 1693 424 1796 opinantur
445 1686 590 1762 fundata
610 1678 705 1768 fuit,
733 1677 823 1752 unde
847 1673 1096 1778 Pompeiopolis
1118 1677 1323 1779 quandoque

45 1809 260 1904 appellatur,
284 1793 385 1866 hodie
398 1786 605 1884 Paniplona‚
627 1781 723 1884 tegni
738 1778 1142 1880 Navarraemetropolis.
1171 1779 1232 1851 Sed
1246 1777 1326 1852 vide

43 1907 135 1982 Chr.
147 1897 338 1976 Cellarium
350 1900 466 1988 Geogr,
481 1889 585 1984 antiq.
600 1881 662 1986 lib.
676 1911 709 1958 2.
728 1901 802 1978 cap.
821 1907 850 1952 1.
861 1879 939 1977 feli.
956 1907 987 1976 3.
1003 1901 1035 1949 n.
1052 1887 1108 1970 58.
1117 1879 1206 1978 seqq.

125 2009 179 2077 Ex
200 2001 265 2075 hac
288 1992 514 2093 Inscriptione
537 1986 660 2058 discere
674 1977 883 2094 pommus,
910 1977 1117 2050 Flaminicas
1139 2007 1213 2052 non
1236 1978 1322 2050 solas

39 2103 207 2210 appellari
221 2122 307 2202 quae
321 2089 424 2166 essent
437 2112 558 2164 uxores
572 2090 792 2164 Flammum,
817 2101 925 2192 quum
943 2079 1160 2178 Semproniae
1181 2077 1323 2174 maritus

38 2215 190 2285 Flamen
223 2227 297 2276 non
322 2195 488 2283 dicatur,
520 2183 706 2262 sedetiam
732 2175 897 2254 flammi
925 2175 1091 2250 honorem
1116 2177 1323 2278 quandoque

38 2307 186 2387 feminis
205 2300 279 2406 ipsis
299 2294 511 2400 peculiariter
529 2286 706 2361 tributum.
731 2291 867 2382 Atque,
889 2301 931 2378 'ut
952 2301 1087 2361 taceam
1100 2277 1212 2352 varios
1228 2273 1326 2350 fuille

38 2416 160 2495 deos,
190 2405 360 2502 deasque,
385 2395 510 2498 quibus
531 2385 712 2492 virgines,
743 2391 798 2457 vel
824 2385 1009 2454 matronae'
1030 2379 1125 2451 sacra
1149 2376 1331 2468 [acerente

39 2541 85 2590 ex
106 2510 162 2585 his
177 2501 460 2606 Inscriptionibus
474 2493 567 2598 quod
581 2491 728 2565 diximus
743 2485 821 2558 latis
835 2483 967 2585 liquet,
988 2480 1096 2552 veluti
1111 2507 1151 2552 ex
1166 2476 1320 2586 proxime
1338 2485 1343 2494 '

39 2606 291 2693 antecedenti,
310 2599 468 2678 &tribus
483 2599 572 2696 seqq.
586 2593 674 2665 aliis.
699 2585 880 2682 Quaedam
895 2582 999 2655 etiam
1014 2581 1169 2666 exstant,
1189 2605 1230 2651 ex
1241 2577 1316 2683 qui·
1337 2569 1341 2592 ¹

39 2717 111 2792 bus
125 2708 261 2786 constat
275 2702 483 2786 Flaminicas
497 2696 638 2769 maritos
651 2689 821 2766 Flamines
835 2678 998 2768 habuisse,
1013 2703 1052 2754 ut
1067 2677 1146 2772 infr.
1159 2707 1218 2772 74.
1231 2709 1252 2771 7
1260 2703 1293 2772 5.

52 2829 1318 2932 W
1333 2861 1337 2894 ;
