3158 4620
237 141 1496 406 &omousianorum-,eumanum

528 501 981 638 CLASSIS
1064 505 1227 638 ΙΙΙ.

239 703 566 834 stauruuar,
584 739 1029 829 rtaaerutcanuaa
1051 737 1414 834 secerneretur,
1433 739 1494 824 aa

242 943 571 1022 TARRACONE.
604 947 699 1016 Paul.
726 945 862 1018 Meuria
888 943 1070 1048 Cosnwgr.
1093 963 1129 1044 p.
1148 973 1182 1020 2.
1209 943 1269 1020 lib.
1293 975 1328 1022 e.
1356 961 1428 1044 cap.
1450 965 1496 1038 15.

291 1042 481 1119 Covarnrb.
503 1068 577 1116 aar.
591 1040 651 1116 lib.
662 1074 699 1138 4.
714 1063 787 1144 cap.
802 1071 832 1117 r.
854 1047 1020 1118 Gruterus
1034 1066 1116 1150 pag.
1126 1056 1253 1129 CCCX
1253 1053 1351 1128 XIV
1350 1100 1360 1124 .
1379 1068 1457 1122 aare.
1469 1052 1498 1130 8,

292 1145 390 1250 Roig
409 1145 535 1244 Rosam.
556 1142 665 1254 atuor.
684 1149 724 1223 dt
737 1155 865 1223 Gerana
883 1165 965 1249 pag.
976 1169 1027 1244 40
1033 1172 1066 1246 ς.

752 1415 755 1426 .
814 1321 929 1426 (n)
1035 1399 1039 1408 .

582 1441 663 1554 ἀ
700 1479 926 1554 usuro.
960 1476 1008 1552 c.
1044 1476 1143 1558 rtu

704 1621 827 1691 ent.
862 1617 1032 1690 verto

691 1759 1070 1838 oruvuoeus

471 1901 473 1905 ·
566 1903 856 2010 ouurnus.
892 1908 1195 2018 uouonrn

529 2055 608 2128 ru.
642 2023 782 2126 neu
806 2053 928 2126 svn.
966 2053 1223 2128 rvucro

438 2183 441 2190 “
540 2196 825 2275 stnurur.
860 2193 1039 2268 nuov.
1076 2193 1217 2268 urse.

578 2403 580 2408 .
659 2337 869 2408 CITER.
905 2341 944 2405 P.
980 2336 1030 2405 H.
1067 2333 1103 2404 C

281 2630 319 2706 N
335 2628 401 2708 hat
418 2631 675 2734 inscriptione,
701 2655 808 2734 quam
828 2659 871 2708 ex
891 2625 1006 2732 positis
1019 2631 1128 2704 Flam.
1146 2637 1185 2704 P.
1199 2635 1255 2706 H.
1277 2623 1382 2702 Citer.
1407 2615 1500 2728 prim⁰¹

308 2740 388 2808 loco
402 2733 557 2822 adduco,
577 2740 750 2809 nonnulla
763 2729 973 2822 observabo,
992 2759 1081 2834 quae
1098 2740 1289 2805 multarum
1307 2720 1502 2830 sequentium
1543 2737 1544 2748 ¹

237 2833 460 2936 explicationi
487 2834 647 2908 deservire
676 2856 852 2936 poterunt.
884 2835 1069 2907 flamines
1093 2839 1292 2933 plemmque
1321 2826 1502 2905 dicebantur

237 2935 458 3024 Sacerdotes,
483 2934 542 3037 qui
566 2938 643 3008 Deo
673 2932 779 3006 alicui
806 2932 1022 3033 peculiariter
1051 2932 1144 3007 sacra
1167 2931 1372 3020 faciebant,
1403 2923 1501 3030 quales
1543 2933 1544 2966 ³

241 3057 338 3106 erant
352 3039 490 3107 Romae
505 3031 642 3122 Dialis,
667 3029 882 3126 Quirinalis,
905 3031 1100 3121 Martialis,
1121 3031 1159 3104 &
1179 3027 1313 3107 suniies.
1343 3022 1455 3104 Sed'&
1471 3038 1502 3087 ¹1¹

239 3131 381 3236 ungulis
404 3131 645 3222 Civitatibus,
677 3135 716 3206 oc
740 3131 940 3236 Municipiis
965 3133 1136 3208 Flamiues
1165 3133 1269 3207 etiam
1300 3129 1503 3208 creabantur,

141 3298 145 3303 .
239 3234 292 3308 uti
303 3233 498 3334 Alytarcha
513 3233 550 3308 in
566 3234 707 3308 civitate
719 3232 952 3322 Antiochiae,
974 3235 1015 3308 de
1029 3261 1097 3338 quo
1112 3239 1153 3306 L.
1167 3239 1253 3308 attic.
1268 3247 1310 3309 C.
1324 3240 1362 3310 de
1374 3209 1502 3322 Capreis·

239 3333 299 3408 lib.
318 3361 374 3408 ro.
396 3341 438 3408 L.
452 3362 486 3408 a.
511 3345 552 3408 C.
567 3337 692 3410 Titeod.
707 3337 899 3434 deExpeus.
914 3337 1021 3410 ledor.
1040 3339 1082 3409 L.
1099 3340 1142 3410 (θ’
1158 3361 1251 3408 mora
1272 3365 1326 3410 12.
1348 3335 1413 3407 eod.
1432 3332 1459 3392 C
1460 3317 1501 3430 ⁰i'

238 3441 277 3509 de
296 3443 375 3521 Jur.
393 3435 465 3532 fise.
494 3439 622 3510 Verum
648 3437 686 3510 in
715 3438 903 3538 provinciis
933 3461 1031 3510 eraut
1059 3437 1183 3537 pariter
1211 3436 1350 3536 quidam
1379 3425 1500 3508 m³i⁰s¹⁵

235 3537 357 3638 gradus
371 3537 565 3624 Flamines,
580 3564 665 3636 quos
679 3540 872 3609 Provinciae
888 3541 1080 3611 Sacerdotes
1093 3537 1332 3637 appellabant,
1353 3553 1393 3605 ut
1403 3519 1500 3630 Afissf·

238 3635 326 3724 cha,
347 3635 550 3734 Syriarcha,
571 3631 847 3734 Bytlriniarcha,
870 3633 1087 3732 Lyciarcha,
1112 3661 1215 3737 atque
1230 3627 1419 3728 hujusmodi
1433 3624 1494 3726 aba

235 3763 383 3838 quorum
398 3765 471 3810 non
485 3735 679 3836 infrequens
694 3732 742 3807 est
758 3731 889 3808 mentio
903 3735 945 3808 iu'
957 3733 1051 3809 libris
1063 3737 1334 3823 Pandediarum,
1356 3733 1391 3804 &
1406 3713 1497 3821 Cod¹j
1543 3783 1544 3786 ,

239 3836 286 3909 cis
302 3827 382 3910 cum
391 3835 643 3922 Theododosri,
665 3861 741 3908 turn
752 3835 952 3927 Justiniaui.
979 3835 1028 3909 Hi
1043 3863 1124 3909 vero
1139 3837 1198 3939 qui
1215 3839 1290 3910 aliis
1308 3838 1345 3909 in
1359 3831 1498 3936 Romam

235 3937 374 4036 Imperii
389 3937 537 4036 partibus
546 3939 741 4010 Provinciae
751 3942 944 4010 Sacerdotes
957 3935 1183 4026 dicebantur,
1208 3939 1246 4012 in
1261 3919 1495 4016 nostraH1sP³·

225 4037 472 4155 ‚oiaflaeaiaes
481 4039 676 4114 Provinciae
686 4045 729 4114 H
731 4038 765 4132 is
755 4040 878 4154 patriae
893 4036 976 4112 dieti
990 4039 1170 4120 videntum
1194 4065 1279 4114 uam
1293 4039 1331 4114 in
1350 4017 1493 4203 lapiffig
