3158 4620
249 215 287 236 ··
445 163 835 281 *ttelslll
886 163 929 250 '.
1068 164 1072 176 ’
1271 179 1344 280 d·

818 245 833 280 ,
1300 257 1303 266 .

54 306 104 394 δὲ
120 305 259 394 vitiato.
283 307 520 394 blibdbebete
531 309 612 393 ebsu
653 315 661 330 '
678 311 878 400 contendit,
902 308 996 414 qnod
1012 329 1135 414 graeco
1153 207 1337 386 vocabuli

56 421 82 492 ἲ
101 425 303 494 Ptolemaeo
318 423 517 520 appelleturs
545 414 658 518 potuit
677 413 769 486 enim
791 414 996 488 dRomauis
1009 414 1159 486 Tritium
1176 435 1327 510 maguum

60 519 173 608 dici,
204 521 243 596 ἃ
263 521 414 595 Graecus
442 515 580 618 scriptor
606 535 729 614 vertue
748 517 853 602 τρίτων
877 518 1007 611 uspiam
1019 539 1031 596 5
1060 537 1179 610 venrm
1201 514 1238 586 in
1265 513 1331 586 ltoc

55 634 173 691 errare
196 618 392 694 Antonium
419 637 520 690 notat
533 616 639 689 Card.
662 613 966 716 Aguirrius,1stu
994 613 1101 686 verius
1127 617 1332 686 Emmanuel

57 717 238 792 Martinus
261 719 300 792 in
322 737 391 794 me.
409 715 605 814 Magium.
628 717 722 818 quod
744 715 846 804 Τρίτων
867 739 940 786 non
954 717 1107 802 Mamor,
1135 713 1189 786 sed
1212 735 1333 788 neutro

56 843 190 936 genere
203 822 291 906 Mlye
304 817 487 894 dicendum
498 819 598 890 foret.
624 821 703 891 Hoc
720 814 800 887 sane
818 812 979 914 oppidum
997 810 1106 914 posuit
1123 820 1335 888 Ptolemaeus

57 943 103 992 un
119 917 288 1020 Hispania
296 913 564 1004 Tarraconensi,
591 919 684 1006 cujus
698 915 800 988 hodie
814 910 893 985 snus
909 914 1058 986 incanus
1077 913 1135 988 est.
1153 915 1231 988 Vid.
1246 916 1336 990 idem

61 1017 152 1092 Nic.
166 1017 343 1094 Antonius
355 1019 381 1092 l.
390 1019 417 1092 l.
432 1007 625 1094 Secundirm
638 1018 722 1090 haec
736 1014 804 1088 dici
817 1035 951 1114 oportet
962 1018 1007 1086 T.
1024 1014 1224 1088 Mamilium
1240 1024 1339 1088 Prae-

58 1119 199 1193 sentem
223 1118 348 1194 Silonis
373 1118 530 1192 titione
556 1116 648 1202 tribu
675 1111 848 1203 Quirina,
876 1112 987 1213 patria
1006 1109 1102 1186 fuisse
1121 1117 1341 1213 Tritiensem,

59 1217 138 1294 hoc
158 1217 206 1294 est
221 1216 389 1293 exTritio
404 1245 446 1294 co
471 1218 613 1293 nomine
625 1225 763 1313 Mega,
783 1219 835 1286 vel
847 1213 1018 1311 Megale,
1044 1214 1205 1292 omnibus
1230 1217 1343 1294 honoss

61 1318 162 1394 ribus
187 1319 225 1392 in
247 1317 420 1420 republica
445 1244 633 1392 irtaTritio
653 1315 824 1390 ftmstum.
857 1319 959 1411 Quat
979 1313 1133 1418 deinceps
1158 1315 1341 1420 sequuntur

62 1420 245 1494 Decuriali
266 1419 394 1493 adlello
409 1417 593 1506 Italiam,
617 1416 964 1511 excusatoriam,
986 1411 1031 1488 stc
1046 1440 1190 1518 expono.
1217 1421 1339 1492 fuera

65 1519 209 1620 quidem
236 1519 414 1594 Mamilius
439 1518 663 1606 Decurialis,
701 1514 768 1592 stve
793 1516 943 1592 Decurio
976 1515 1123 1590 adleuus
1153 1518 1338 1608 Italicam,

65 1619 139 1694 boc
153 1619 201 1694 est
212 1667 225 1708 ,
248 1623 354 1693 ladius
367 1622 412 1693 ad
424 1621 611 1706 Italicam,
636 1641 675 1692 ut
694 1618 744 1692 ibi
762 1619 1023 1692 decurionatum
1043 1641 1192 1720 gereret,
1218 1620 1272 1693 sed
1291 1617 1335 1694 ab

64 1725 279 1822 Imperatore
289 1724 336 1794 D.
348 1721 410 1794 Pio
425 1721 617 1822 impetravit
633 1719 888 1796 excissationem
907 1717 1052 1792 ddelato
1072 1745 1223 1798 munere.
1251 1725 1341 1822 Ego,

66 1843 109 1893 ut
134 1820 251 1894 dicam
274 1821 366 1924 quod
387 1822 523 1908 sentio,
551 1821 655 1896 ualdeu
672 1820 793 1894 haereo
815 1819 853 1894 in
868 1819 1044 1916 Megale,
1072 1845 1181 1920 quum
1201 1822 1342 1922 probare

65 1949 145 1995 non
173 1918 296 2024 poliim
325 1943 397 1994 tam
425 1921 568 1994 audaces
596 1923 851 1995 emendationes
880 1921 916 1992 in
946 1925 1175 2009 Ptolemaeo,
1216 1943 1254 1992 ut
1285 1947 1347 2020 pro

65 2025 223 2092 mtrem
246 2026 403 2124 legamus
419 2025 576 2111 Madau,
604 2023 697 2124 quod
722 2020 851 2094 veneris
875 2017 1010 2092 ratione
1036 2023 1241 2094 mutandum
1267 2018 1343 2096 elset

66 2120 108 2196 in
121 2123 212 2206 Mlye
220 2169 233 2210 ,
253 2147 295 2194 ac
309 2119 449 2194 tarrdem
463 2122 500 2193 in
511 2123 656 2218 Megale
671 2081 778 2194 noliri
792 2119 932 2220 lapidis3
956 2127 1009 2193 vel
1023 2118 1141 2192 saltem
1155 2117 1343 2196 fidicamus

65 2220 240 2320 Megale,
258 2226 401 2309 Meysen,
421 2219 691 2318 subaudiendum
704 2228 801 2309 elne,
815 2215 906 2308 urbs,
919 2214 986 2292 stve
998 2243 1043 2320 op
1067 2219 1171 2293 'dum
1230 2223 1346 2298 uando

65 2345 151 2396 veto
166 2323 244 2397 solis
258 2321 461 2411 coniesiuris
475 2321 645 2424 agendum
657 2321 725 2410 est,
740 2322 821 2425 quid
832 2339 924 2397 vetat
936 2319 973 2392 &
986 2245 1118 2394 nolias
1131 2347 1236 2422 propo
1262 2325 1339 2395 eres

66 2421 227 2496 Tritium
246 2421 497 2510 Tubericuna,
528 2423 566 2495 dt
589 2423 743 2498 Tritium
769 2427 952 2497 Metallum
978 2448 1052 2496 non
1078 2428 1180 2526 longe
1198 2424 1289 2496 inter
1314 2423 1349 2496 se

66 2519 188 2597 diffua
210 2523 368 2598 videntur
390 2521 497 2597 tuille.
532 2525 650 2613 Illud,
678 2530 832 2598 locatum
852 2524 872 2594 i
891 2525 986 2596 Mela
1006 2525 1050 2596 ad
1069 2521 1196 2596 flumen
1210 2527 1346 2598 Devam

20 2611 32 2644 ⁸
68 2649 130 2727 per
149 2625 318 2698 Vardulos
345 2624 390 2696 ad
420 2627 607 2698 Oceanum
635 2623 769 2714 fluens,
805 2630 928 2698 volunt
953 2623 1063 2725 aliqui
1090 2619 1152 2696 else
1177 2631 1214 2694 T
1214 2620 1345 2716 afalla,

69 2725 167 2826 quod
193 2749 389 2827 corruptum
415 2721 477 2797 else
503 2725 611 2825 potest
635 2749 676 2799 ex
698 2723 925 2810 Tabudium,
950 2730 1004 2796 vel
1028 2722 1249 2806 Tubolicumr
1279 2727 1347 2800 hoc

70 2831 293 2903 Ptolomaeus
311 2826 409 2927 ponit
430 2824 467 2898 in
485 2824 673 2899 Beronibus
695 2826 786 2899 circa
803 2833 1024 2925 Pyrenaeum
1034 2835 1084 2926 gr.
1099 2839 1161 2918 '42.
1186 2825 1270 2898 min.
1286 2851 1344 2920 50.

69 2926 167 3029 quod
189 2927 404 3014 contendunt
419 2928 585 3018 nonnrrlli
600 2924 662 3016 elie
673 2931 898 3016 Nauarum,
913 2945 974 3012 aut
985 2953 1069 3008 non
1092 2931 1195 3027 lottge
1217 2933 1349 3028 procule

71 3051 137 3101 nec
152 3023 232 3098 litus
246 3026 291 3110 ab
305 3025 373 3102 boc
386 3025 559 3146 discrepat.
581 3029 655 3104 Cur
668 3048 747 3103 vero
758 3027 936 3102 Metallum
951 3033 1097 3130 appellat
1109 3031 1348 3101 Ptolomaeusl

71 3125 212 3216 Porti,
246 3127 327 3229 quia
355 3129 422 3201 hoc
444 3125 598 3202 Tritium
630 3130 809 3203 conditum
843 3128 918 3230 post
945 3128 1098 3201 Tritium
1124 3127 1352 3216 Tubolicum,

71 3226 119 3300 ab
146 3250 253 3328 eoque
281 3255 354 3302 non
378 3225 510 3304 distans
535 3231 677 3308 vocavit
701 3233 851 3305 Tritium
862 3228 1040 3303 Metallos
1061 3231 1164 3316 'spirtu
1183 3231 1355 3320 utrumn,

73 3321 170 3429 quast
183 3329 252 3411 μα’
276 3331 366 3412 lese,
387 3325 457 3426 poll
471 3331 585 3416 aliud,
607 3335 661 3400 vel
676 3329 777 3424 juxta
793 3329 887 3398 aliud
901 3327 1063 3400 Tritium.
1092 3326 1196 3421 Quod
1216 3323 1240 3398 st
1263 3327 1349 3418 haec

76 3430 273 3516 conjeetura
300 3429 414 3502 minus
442 3427 626 3530 probabilis
654 3427 812 3514 uidetur,
845 3421 952 3500 aliam
978 3425 1102 3500 adsero.
1139 3426 1351 3504 Nominavit

77 3535 295 3602 Ptolomaeus
319 3531 421 3618 Τρίτων
449 3533 632 3614 alama,
659 3533 714 3604 vel
736 3527 823 3602 forte
846 3531 1033 3615 Mardum,
1066 3526 1152 3600 illud
1177 3527 1271 3628 quod
1299 3527 1346 3606 ob

78 3633 298 3704 metallorum
323 3631 458 3731 copiam
482 3631 550 3704 dici
576 3631 688 3732 posuit
715 3628 759 3704 ab
782 3627 956 3734 indigenis·
976 3631 1126 3702 Tritium
1140 3630 1347 3720 Metallum,

79 3730 170 3832 quod
192 3752 281 3802 certe
301 3731 450 3804 alienum
471 3761 544 3805 non
563 3752 635 3804 erat
656 3730 701 3805 ab
722 3730 845 3832 oppido
864 3731 1044 3831 Pyrenaeis
1068 3729 1244 3804 montibus
1266 3757 1341 3832 pro-

26 3861 31 3870 ·
80 3836 186 3906 ximo.
220 3829 349 3904 Omnis
374 3831 468 3904 enim
491 3831 607 3933 Regio
634 3833 678 3906 ad
702 3839 913 3928 Pyrenaeum
941 3831 1088 3904 metallis
1112 3829 1232 3904 referta
1260 3833 1348 3923 auri,

84 3957 120 4006 ar
160 3931 235 4018 nti,
257 3931 359 4019 ferri,
383 3931 541 4034 plumbi,
562 3931 675 4034 nigri,
694 3932 854 4034 albique,
879 3955 942 4004 ceu
961 3929 1063 4003 tradit
1082 3931 1213 4003 Plinius
1232 3936 1278 4005 N.
1294 3937 1342 4006 H.

82 3955 187 4126 lis‘a
207 4049 281 4132 cap.
299 4058 354 4108 ro.
380 4039 496 4128 Quare
509 4033 663 4110 Tritium
677 4037 811 4142 Megale
835 4029 927 4132 laist
944 4031 1069 4110 vitiosa
1091 4026 1131 4105 stt
1157 4029 1352 4212 scripturapp¹
1435 4060 1437 4069 ,
