3158 4620
552 186 701 327 sststit
736 185 817 298 llis
1249 195 1324 334 sp¹

43 329 146 428 buitta
162 325 386 438 provinciae,
410 327 615 433 quideme
636 353 758 437 genere
779 331 965 410 Sacerdotii
985 343 1200 439 loquuntur,
1224 339 1317 412 nihil

45 439 195 513 occurrit
216 436 263 508 fre
288 433 424 506 uentius
445 461 549 537 quam
563 435 700 508 Flamen
714 439 906 510 Provinciae
917 440 1108 535 Hispaniae
1126 442 1315 528 Citerioris,

43 560 85 612 ut
104 537 144 611 in
158 539 251 624 hoc,
265 463 311 608 cd(
324 538 499 636 permultis
521 536 596 610 aliis
619 535 757 608 inferius
780 538 1024 637 producendis3
1053 541 1135 612 aliis
1156 539 1320 642 distingui

43 640 242 712 Sacerdotes
264 639 283 708 l
303 635 544 724 Flaminibus,
575 635 683 738 liquet
707 664 749 710 ex
774 637 1011 712 Constantino
1039 639 1076 712 in
1101 645 1142 712 t.
1156 667 1215 712 21.
1237 647 1317 714 Cori.

41 741 276 813 deDeetttion.
300 734 534 828 Pontanena·
555 737 705 810 honorem
742 739 786 810 d·
812 735 1047 835 magistratus,
1078 741 1133 814 nel
1148 741 1326 835 [atmdotti

40 840 180 936 decursa
193 838 340 933 infigerit.
367 841 476 911 Plane
496 839 651 939 quinon
673 837 842 911 Flamines
862 840 1082 941 provinciae,
1108 842 1163 914 sed
1183 842 1326 936 alicujus

42 939 214 1014 Civitatis
232 939 408 1027 dicuntur,
421 939 527 1012 veluti
537 939 645 1012 Flam.
663 947 711 1010 Co
718 939 741 1010 l.
753 946 897 1013 Tartac.
919 943 980 1014 hac
996 941 1051 1013 Οἱ.
1062 949 1144 1014 ΙΙΙ.
1164 967 1252 1016 num.
1265 955 1289 1016 6
1289 971 1327 1034 9.
1382 1030 1387 1038 Ι

40 1048 102 1114 vel
112 1041 360 1138 Imperatoris,
380 1063 417 1111 ut
433 1037 574 1140 Augusti
586 1089 600 1129 ,
624 1043 695 1112 ead.
710 1039 856 1121 ctrrr.
885 1050 941 1133 58.
969 1050 1017 1114 D.
1039 1049 1074 1113 T
1074 1044 1144 1131 iti,
1174 1049 1244 1116 ead.
1273 1071 1329 1137 ¹4·

42 1149 103 1215 vel
125 1139 321 1244 sempliciter
335 1140 525 1230 flamines,
550 1164 588 1214 ut
608 1137 689 1212 ibid.
710 1163 797 1212 trum.
815 1164 873 1234 33.
888 1144 932 1216 (a
951 1169 1012 1238 34.
1035 1169 1109 1218 non
1130 1144 1331 1248 provinciae

45 1241 288 1320 Sacerdotibus
353 1265 401 1312 res
423 1237 519 1314 soille
539 1241 709 1316 videntur.

116 1267 380 1418 Observandtim
394 1365 564 1445 praeterea
579 1341 641 1429 est,
656 1341 694 1414 in
708 1335 832 1416 nostris
847 1343 1075 1418 marmoribus
1089 1368 1246 1448 perpetuo
1260 1343 1330 1420 sere

47 1445 187 1548 reperiri
201 1445 340 1520 Flamen.
350 1447 501 1519 Pronior.
515 1442 622 1541 Hisp.
639 1445 744 1516 Cicer.
766 1471 841 1518 non
854 1445 1006 1544 Hispan.
1023 1453 1247 1522 Tarraconen.
1272 1445 1334 1522 etsi

11 1623 13 1626 .
46 1548 214 1650 inscripta
238 1547 297 1619 illa
321 1545 449 1619 suerint
520 1543 794 1646 stAugnstum,
823 1545 883 1646 qui
909 1547 1100 1622 universam
1123 1547 1327 1650 Hispaniam

47 1646 163 1722 divisit
185 1649 224 1722 in
236 1573 551 1734 tarnanensis,
571 1646 771 1733 Baeticam,
798 1645 836 1716 &
850 1647 1091 1738 Lusitaniam,
1115 1675 1203 1751 quae
1224 1671 1325 1723 antea

47 1748 159 1823 dividi
180 1747 309 1823 solebat
328 1750 366 1822 in
381 1747 613 1834 Citeriorem,
634 1747 672 1819 δε
694 1747 924 1825 Ulteriorem:
951 1751 1043 1853 quod
1063 1771 1182 1824 tamen
1204 1751 1332 1822 mirum

48 1851 99 1926 eis
115 1876 190 1926 non
204 1850 289 1938 erit,
302 1850 363 1952 qui
374 1849 486 1923 sciunt
497 1847 726 1938 Citeriorem,
741 1847 1082 1926 &Tarraconensem
1098 1851 1239 1925 eandem
1255 1847 1332 1940 else,

52 1951 141 2036 teste
151 1950 268 2028 Plinio
280 1958 335 2024 H.
346 1957 404 2024 N.
419 1947 481 2024 tib.
495 1977 527 2044 ς.
541 1971 616 2048 cap.
634 1979 662 2023 t.
690 1948 876 2026 Enimvero
896 1954 1048 2028 Citerior
1069 1953 1237 2058 Hispania
1259 1979 1334 2028 non

50 2053 162 2126 divisa
184 2051 275 2140 fuit,
305 2053 360 2126 sed
378 2052 512 2154 integra
530 2047 741 2152 permansit,
765 2052 803 2122 ἃ
824 2053 962 2152 quidem
984 2056 1164 2158 aliquanto
1187 2057 1334 2158 amplior

50 2152 148 2228 fasta
169 2151 215 2228 ab
229 2153 410 2256 Augusto,
433 2153 493 2254 qui
508 2150 715 2224 Ulteriorem
736 2147 847 2224 divisit
871 2152 908 2226 in
928 2157 1130 2246 Baeticam,
1152 2156 1190 2229 δε
1204 2151 1340 2230 Lusita-

51 2256 174 2331 niatu:
205 2275 330 2356 atque,
352 2275 388 2325 ut
410 2274 482 2324 erat
504 2249 642 2325 caeteris
663 2249 790 2326 duabus
815 2252 967 2352 partibus
993 2255 1116 2329 Italiae
1137 2256 1339 2359 proximior,

52 2357 109 2431 ita
132 2356 169 2428 δι
194 2354 293 2429 omni
318 2377 495 2457 tempore,
528 2352 642 2428 saltim
669 2353 771 2456 usque
795 2355 840 2428 ad
861 2354 1167 2445 Constantinum,
1194 2360 1343 2432 citerior

51 2457 152 2532 dieta
177 2457 236 2530 est.
268 2461 359 2530 Illae
385 2455 521 2559 quidem
544 2453 717 2530 ulteriores
740 2479 862 2546 erarrt,
885 2456 940 2532 se'd
954 2507 971 2546 ,
994 2483 1033 2532 ut
1054 2457 1143 2533 inter
1166 2459 1197 2532 se
1218 2457 1340 2531 distin-

52 2579 258 2664 guerentur,
278 2559 438 2660 peculiari
451 2557 595 2633 nomine
609 2583 664 2634 eas
677 2559 839 2660 appellari
856 2558 1022 2660 oportuit,
1032 2567 1086 2633 vel
1098 2564 1265 2648 Raeticae,
1279 2565 1335 2632 vel

53 2659 257 2752 Lasstaniae.
284 2659 429 2734 Exstant
447 2658 486 2732 in
501 2660 566 2732 hac
581 2659 698 2731 nostra
711 2657 990 2758 provinciaduae
1005 2661 1124 2732 saltem
1142 2660 1342 2761 Inscriptio·

52 2789 116 2838 nes
132 2761 266 2834 dicatae
281 2759 493 2834 Constantio
512 2784 604 2845 una,
630 2762 737 2830 altera
750 2757 988 2832 Constantino
1007 2767 1076 2852 ejus
1098 2761 1173 2835 filio
1195 2763 1223 2836 i.
1232 2761 1342 2834 Badio

53 2861 218 2940 Macrino
234 2861 331 2962 supra
345 2858 475 2934 lnobis
489 2857 660 2957 exhibitae
671 2906 696 2945 ,-
706 2857 743 2930 in
757 2856 878 2960 quibus
887 2857 1013 2934 Radius
1024 2861 1199 2936 Macrinus
1211 2861 1342 2935 dicitur

55 2969 102 3037 V.
124 2969 160 3036 P.
181 2971 219 3036 P.
242 2967 359 3040 HISP.
375 2959 598 3034 TARRAC.
632 2957 695 3032 Sed
719 2981 802 3032 tunc
830 2959 922 3034 nihil
947 2961 1029 3038 dum
1056 2985 1226 3035 mutatum
1251 2955 1355 3034 suilse‘

9 3099 11 3106 s
55 3065 100 3138 de
133 3062 275 3164 antiqua
304 3053 687 3165 divisione-'Hispaniae
720 3061 807 3136 mihi
841 3063 1055 3164 persuadeo,
1094 3089 1200 3166 quum
1232 3063 1341 3163 prima
1401 3114 1407 3126 e

54 3165 242 3266 Inscriptio
259 3161 426 3237 tribuatur
440 3162 833 3241 ConstantioCaesati..
851 3161 971 3238 Exstat
991 3164 1150 3237 &altera
1169 3163 1344 3263 antiquior

56 3270 132 3361 jam
145 3267 241 3365 supra
261 3271 391 3353 allata,
414 3265 459 3337 in·
467 3289 535 3364 qua
546 3263 752 3359 Acindynus
764 3312 784 3348 ,
804 3261 870 3336 five
886 3265 1083 3366 Agnidinus
1105 3263 1231 3336 dicitur
1242 3267 1287 3334 V.
1299 3262 1344 3333 C.

54 3377 98 3442 P.
116 3371 163 3438 T.
185 3369 252 3442 hoc
276 3364 350 3453 est,
381 3385 419 3436 ut
443 3361 652 3464 interpretati
674 3361 825 3448 suimus,
854 3367 922 3433 Vir
945 3362 1141 3457 Consularis
1155 3364 1349 3436 Provinciae

55 3466 326 3556 Tarraconenses.
352 3465 416 3538 Sed
436 3489 543 3565 neque
564 3461 631 3535 hoc
646 3460 767 3562 probat
784 3483 935 3562 tempore
948 3461 1121 3554 Traiani,
1148 3462 1202 3534 cui
1217 3462 1349 3535 dicatur

55 3568 276 3670 Inscriptio,
308 3565 511 3666 Hispaniam
533 3562 829 3637 Tarraconensem
865 3589 939 3634 non
970 3562 1115 3639 eandem
1142 3558 1237 3635 fuisse
1271 3585 1350 3636 cum

58 3670 235 3744 Citerioti.
257 3667 397 3768 Insuper
410 3665 603 3738 notandum
619 3663 668 3736 est
684 3663 722 3737 in
738 3663 858 3737 nostro
870 3664 984 3774 lapide
1000 3663 1045 3736 C.
1058 3663 1210 3738 Marium
1222 3666 1362 3734 Verum'.

59 3769 316 3844 Gerundensem
347 3795 388 3842 ex
414 3765 504 3841 tribu
530 3761 704 3852 Galeria,
740 3765 808 3837 dici
839 3762 988 3847 amitibus
1011 3761 1187 3837 littoribus
1211 3765 1244 3833 in
1266 3770 1346 3860 Rep.

56 3871 121 3966 suo
130 3868 307 3961 findam,
328 3895 396 3969 qua
417 3868 513 3940 laude
527 3866 618 3939 nihil
633 3865 681 3937 est
695 3865 902 3965 frequentius
930 3866 968 3937 in
992 3863 1158 3966 lapidibus
1183 3862 1351 3962 inscriptis

61 3971 272 4048 flaminibus
297 3977 395 4048 Prov.
411 3968 515 4068 Hisp.
544 3967 651 4039 Cicer.
694 3965 867 4066 Siquidem
893 3964 1065 4038 Flamines
1094 3993 1168 4037 non
1194 3963 1349 4040 solebant

60 4074 169 4159 creari
194 4070 257 4150 nist
281 4070 414 4173 optime
442 4070 483 4144 de
507 4072 594 4178 nep.
619 4067 767 4158 meriti,
800 4067 925 4174 quique
952 4064 1000 4142 ob
1025 4064 1158 4168 egregie
1183 4085 1347 4138 navatam

1212 4185 1353 4268 operam
