3158 4620
218 254 227 266 -
293 279 298 290 .
429 253 433 260 -
551 183 868 325 scafilum-³·
1097 213 1101 224 ’
1191 211 1322 328 -o25‘

58 327 229 514 Plltri,
250 355 350 438 quem
363 327 669 436 incomparabilem
684 329 1083 432 eoenlefnsacereotem
1096 355 1201 410 vocet
1218 333 1319 440 ipsius

151 435 241 509 lilius
255 436 364 509 eidem
378 435 537 536 religioni
549 434 702 508 addistus
714 484 727 522 ,
739 441 936 514 Tarracone
950 435 1041 509 hauc
1054 437 1183 512 dicavit
1198 437 1320 512 Inscri-

55 539 224 642 ptionem.
256 539 331 610 Nec
356 534 482 608 mirum
508 531 556 607 est
580 535 746 611 Coelestis
771 543 904 610 cultum
928 535 966 610 in
990 537 1080 611 hanc
1108 537 1320 636 provinciam

54 663 117 740 pro
161 659 311 740 gaeum,
346 661 453 737 quum
477 641 646 723 Romae,
686 634 974 711 tametst'rit'mreu
1002 641 1246 740 peregrinum,
1285 641 1322 716 iu

56 665 190 815 hoddre
209 737 311 812 fuerit
331 736 499 810 habiturn.
525 739 657 813 Totae
677 759 751 812 tam
769 738 867 827 uaria
885 739 925 811 de
936 739 1086 813 Coelesti
1100 739 1230 813 tradita
1244 743 1321 815 sunt

54 841 176 914 {viris
198 839 362 927 eruditis,
393 860 432 911 ut
455 839 568 912 otium
591 835 691 912 nobis
717 837 857 913 fecerint
881 845 991 912 mtrlta
1013 832 1080 913 hirc
1103 843 1323 942 congerendi,

58 967 148 1044 quae
166 939 268 1012 facile
288 939 377 1042 apud
399 965 455 1011 eos
478 939 610 1042 reperiri
629 937 767 1040 luteum.
799 931 985 1042 Receptior
1009 969 1031 1013 o
1054 941 1127 1014 iuio
1149 943 1224 1030 est,
1253 971 1327 1018 non

59 1049 202 1128 Deum,
229 1037 362 1112 tametst
384 1065 440 1140 pet·
461 1065 606 1134 errorem
626 1041 671 1116 stc
691 1039 820 1115 alicubi
842 1047 995 1142 legatur,
1023 965 1076 1114 dd
1095 1045 1207 1113 Deam
1229 1041 1325 1116 foille

59 1141 274 1242 Carthagine
292 1140 491 1228 adoratam,
511 1141 571 1228 ἃ,
598 1166 636 1218 ut
653 1169 725 1220 nou
744 1138 812 1226 sme
833 1141 1060 1214 futrdamento
1083 1143 1217 1216 censent
1240 1172 1330 1218 non·

58 1243 175 1330 nulli,
197 1245 217 1314 d
231 1240 379 1313 Sidoniis
393 1239 430 1312 in
443 1240 599 1313 Africam
619 1243 835 1329 nannetem,
859 1241 1067 1344 eandemque
1086 1237 1148 1313 else
1162 1270 1266 1345 quarn
1281 1245 1333 1320 illi

61 1343 231 1430 Astartem
247 1339 434 1425 vocabant.
456 1342 649 1416 mun
669 1365 787 1415 tumen
800 1341 1144 1417 ellewnominibus
1163 1347 1336 1446 appellari,

60 1467 103 1518 ut
124 1443 310 1530 admodum
325 1443 493 1538 incertum
508 1461 648 1531 maneat
664 1469 749 1546 quae
766 1417 981 1545 potdl'rmum
997 1440 1075 1518 esset
1088 1443 1151 1519 dea
1160 1471 1171 1527 ς
1194 1473 1277 1522 uam
1297 1448 1336 1522 δι

65 1548 227 1633 Urania,
251 1543 287 1616 h.
308 1570 337 1614 e.
363 1541 537 1632 coelestis,
562 1544 783 1632 vocabatur,
814 1543 852 1615 ἀ
871 1550 994 1632 Luna,
1023 1546 1206 1642 &Regina
1229 1547 1335 1638 Coeli,

67 1669 165 1720 utere
178 1643 279 1718 variis
295 1643 517 1746 antiquorum
539 1645 668 1747 scriptis
688 1645 772 1717 eruit
793 1644 926 1720 summa
944 1645 1031 1718 Petri
1052 1645 1150 1720 Fabri
1172 1650 1336 1725 industria

64 1743 126 1822 lib.
142 1775 173 1841 3.
185 1741 331 1830 Semessr.
348 1765 421 1842 cap.
433 1773 466 1816 α.
484 1751 517 1816 Α
528 1749 567 1818 Β.
581 1745 778 1848 Augustino
790 1745 914 1822 dieitur
922 1749 1030 1843 Virgo
1042 1746 1194 1833 coelestis
1207 1749 1246 1822 de
1260 1755 1336 1836 ξίν.

69 1849 137 1921 Dei
156 1843 215 1920 leb.
229 1869 262 1918 a.
283 1865 357 1942 cap.
368 1875 405 1938 4.
424 1848 530 1941 Virgo
550 1847 654 1934 etiam
670 1845 717 1919 est
728 1848 874 1947 Apuleio
885 1895 898 1936 ,
922 1845 981 1948 qui
996 1869 1113 1920 tamen
1127 1873 1186 1951 pro
1197 1853 1334 1942 Junone

66 1948 393 2048 habet-,maguam
409 1947 509 2035 'Jovit
532 1959 731 2046 germanam
741 1983 761 2042 j,
795 1947 835 2018 de
863 1953 1048 2050 coniugam
1075 1965 1203 2023 vocans
1227 1951 1285 2026 lib.
1303 1967 1338 2029 6.

64 2049 298 2142 Metamorph.
318 2053 420 2148 atque·
432 2045 770 2146 inlusoriptiouilms·
782 2047 890 2134 modo
907 2053 1017 2119 Venus
1033 2049 1210 2137 Coelnlis,
1235 2056 1339 2130 niodo

65 2159 161 2236 ,lutto
173 2145 328 2233 Coeleflt'r
346 2146 575 2233 nominatur,
602 2171 689 2248 quae
709 2144 858 2248 epitheta
868 2187 885 2232 ,·
903 2147 955 2220 uti
997 2150 1164 2239 eneralia,
1191 2152 1253 2226 diis
1277 2156 1341 2231 'ui-

65 2251 275 2352 bustumque
291 2245 504 2344 Coelestibus
523 2270 636 2348 aptare
650 2267 843 2348 potueruut.
871 2171 1065 2337 Coeledem,
1088 2250 1127 2322 de
1138 2277 1209 2354 qua
1222 2183 1336 2331 noller

69 2353 184 2454 lapis,
212 2375 318 2452 quum
343 2345 578 2442 ita-,absolute
606 2353 821 2449 appelletur,
847 2349 1059 2446 eredendum
1083 2350 1130 2424 est
1156 2350 1343 2456 significare

64 2449 413 2555 Carthaginiensem,
431 2446 505 2521 leve
523 2451 695 2524 Uraniant
714 2443 918 2548 Libyssam,
946 2474 1008 2522 ceu
1026 2459 1130 2524 vocat
1149 2459 1253 2544 Mart.
1273 2457 1343 2532 Ca·

68 2561 162 2658 pella
180 2557 219 2626 de
241 2557 360 2648 Nape.
382 2549 545 2647 Philolog.
567 2547 627 2624 lib.
642 2558 675 2625 8.
705 2553 740 2622 t'n
762 2552 869 2647 princ.
911 2551 1050 2625 Roinae
1074 2554 1179 2628 etiam
1213 2565 1343 2634 cultam

67 2649 166 2730 soille
183 2651 341 2740 constat,
364 2649 450 2724 adeo
464 2671 503 2722 ut
519 2675 596 2724 eam
615 2651 769 2726 heredem
786 2650 963 2728 instituere·
976 2671 1017 2744 ert
1031 2657 1063 2726 S.
1078 2653 1173 2744 Cto,
1195 2658 1231 2730 δι
1246 2660 1341 2736 Prin-

76 2758 191 2858 cipum
213 2749 529 2828 Constitutionibus
556 2751 702 2838 liceret,
728 2751 882 2851 Ulpiano
905 2750 987 2824 teste
1008 2756 1042 2824 in
1060 2763 1192 2854 fragm.
1213 2755 1272 2832 'tiu
1286 2790 1344 2836 ω.

64 2865 112 2944 ζ.
128 2869 168 2931 6.
185 2859 260 2950 Qui
276 2855 346 2928 lter.
364 2849 433 2936 inst.
452 2850 533 2949 'poffl
557 2851 595 2924 dt
616 2849 818 2932 Antoninus
839 2850 1090 2954 Heliogabalus
1109 2861 1262 2932 Romam
1286 2863 1343 2935 de·

71 2981 246 3060 portatam
267 2956 330 3028 deo
349 2955 406 3026 suo
427 2951 659 3054 Heliogabalo
681 2953 719 3025 in
741 2950 1003 3026 matrimonium
1028 2961 1272 3050 collocaverit,
1301 2987 1340 3036 ut

72 3079 190 3132 narrat
209 3055 426 3130 Herodianus
442 3052 501 3127 lib.
516 3080 549 3148 ς.
569 3075 641 3151 cap.
656 3065 693 3126 6.·
710 3051 748 3126 ἃ
761 3055 833 3129 Dio
848 3057 883 3124 in
893 3061 936 3126 H
937 3053 1077 3151 eliogab.
1110 3059 1172 3134 Sed
1194 3087 1338 3137 manum

72 3160 114 3232 de
134 3159 277 3245 tabula,
304 3181 388 3228 nanr
410 3154 539 3226 infiniti
560 3151 637 3226 ellet
658 3155 794 3258 operis,
822 3177 923 3256 atture
946 3155 1104 3232 instituto
1128 3159 1246 3238 nostro
1267 3192 1342 3242 nou

73 3254 272 3345 necess'arii,
300 3259 368 3330 alia
390 3254 550 3358 persequi.
650 3251 677 3290 ³

78 3407 1348 3458 m

80 3461 1348 3504 *mm

77 3571 409 3648 TARRACONE.
434 3531 779 3656 §chorinerum
794 3587 878 3669 pag.
892 3575 1090 3645 ccccm.
1114 3591 1201 3646 nem.
1214 3595 1251 3676 ρ.

644 3731 793 3842 (63.)
914 3783 921 3791 ·

556 3935 559 3940 ·
618 3911 657 3980 Ρ.
684 3900 743 3994 Ἠ.
780 3904 815 3980 C

474 4057 529 4134 M·
561 4053 823 4131 Flnvlo.
861 4051 974 4128 m
1104 4061 1123 4070 “’

1215 4167 1354 4279 ovne
